
%Proof of factorisation in DDIS (Collins)
@article{Collins:1997sr,
      author         = "Collins, John C.",
      title          = "{Proof of factorization for diffractive hard scattering}",
      journal        = "Phys. Rev.",
      volume         = "D57",
      year           = "1998",
      pages          = "3051",
      doi            = "10.1103/PhysRevD.61.019902, 10.1103/PhysRevD.57.3051",
      note           = "[Erratum: Phys. Rev.D 61, 019902 (2000)]",
      eprint         = "hep-ph/9709499",
      archivePrefix  = "arXiv",
      primaryClass   = "hep-ph",
      reportNumber   = "PSU-TH-189",
      SLACcitation   = "%%CITATION = HEP-PH/9709499;%%"
}

%Factorisation breaking - Tevatron
@article{Affolder:2000vb,
      author         = "Affolder, T. and others",
      title          = "{Diffractive dijets with a leading antiproton in
                        $\bar{p}p$ collisions at $\sqrt{s} = 1800$ GeV}",
      collaboration  = "CDF",
      journal        = "Phys. Rev. Lett.",
      volume         = "84",
      year           = "2000",
      pages          = "5043",
      doi            = "10.1103/PhysRevLett.84.5043",
      reportNumber   = "FERMILAB-PUB-00-055-E",
      SLACcitation   = "%%CITATION = PRLTA,84,5043;%%"
}


%Factorisation breaking - CMS
@article{Chatrchyan:2012vc,
      author         = "Chatrchyan, Serguei and others",
      title          = "{Observation of a diffractive contribution to dijet
                        production in proton-proton collisions at $\sqrt{s}=7$
                        TeV}",
      collaboration  = "CMS",
      journal        = "Phys. Rev.",
      volume         = "D87",
      year           = "2013",
      number         = "1",
      pages          = "012006",
      doi            = "10.1103/PhysRevD.87.012006",
      eprint         = "1209.1805",
      archivePrefix  = "arXiv",
      primaryClass   = "hep-ex",
      reportNumber   = "CMS-FWD-10-004, CERN-PH-EP-2012-248",
      SLACcitation   = "%%CITATION = ARXIV:1209.1805;%%"
}

%NLOjet++ : first
@article{Nagy:1998bb,
      author         = "Nagy, Zoltan and Trocsanyi, Zoltan",
      title          = "{Next-to-leading order calculation of four jet
                        observables in electron positron annihilation}",
      journal        = "Phys. Rev.",
      volume         = "D59",
      year           = "1999",
      pages          = "014020",
      doi            = "10.1103/PhysRevD.62.099902, 10.1103/PhysRevD.59.014020",
      note           = "[Erratum: Phys. Rev. D62, 099902 (2000)]",
      eprint         = "hep-ph/9806317",
      archivePrefix  = "arXiv",
      primaryClass   = "hep-ph",
      SLACcitation   = "%%CITATION = HEP-PH/9806317;%%"
}

%NLOjet++ : second
@article{Nagy:2001xb,
      author         = "Nagy, Zoltan and Trocsanyi, Zoltan",
      title          = "{Multijet cross-sections in deep inelastic scattering at
                        next-to-leading order}",
      journal        = "Phys. Rev. Lett.",
      volume         = "87",
      year           = "2001",
      pages          = "082001",
      doi            = "10.1103/PhysRevLett.87.082001",
      eprint         = "hep-ph/0104315",
      archivePrefix  = "arXiv",
      primaryClass   = "hep-ph",
      reportNumber   = "IPPP-01-18, DCPT-01-36",
      SLACcitation   = "%%CITATION = HEP-PH/0104315;%%"
}

%NLOjet++ : third
@article{Nagy:2003tz,
      author         = "Nagy, Zoltan",
      title          = "{Next-to-leading order calculation of three jet
                        observables in hadron hadron collision}",
      journal        = "Phys. Rev.",
      volume         = "D68",
      year           = "2003",
      pages          = "094002",
      doi            = "10.1103/PhysRevD.68.094002",
      eprint         = "hep-ph/0307268",
      archivePrefix  = "arXiv",
      primaryClass   = "hep-ph",
      SLACcitation   = "%%CITATION = HEP-PH/0307268;%%"
}

%Sherpa
@article{Gleisberg:2008ta,
      author         = "Gleisberg, T. and Hoeche, Stefan. and Krauss, F. and
                        Schonherr, M. and Schumann, S. and Siegert, F. and Winter,
                        J.",
      title          = "{Event generation with SHERPA 1.1}",
      journal        = "JHEP",
      volume         = "02",
      year           = "2009",
      pages          = "007",
      doi            = "10.1088/1126-6708/2009/02/007",
      eprint         = "0811.4622",
      archivePrefix  = "arXiv",
      primaryClass   = "hep-ph",
      reportNumber   = "FERMILAB-PUB-08-477-T, SLAC-PUB-13420, ZU-TH-17-08,
                        DCPT-08-138, IPPP-08-69, EDINBURGH-2008-30, MCNET-08-14",
      SLACcitation   = "%%CITATION = ARXIV:0811.4622;%%"
}



%fastNLO - version 2
@phdthesis{Britzger:2013kia,
      author         = "Britzger, Daniel",
      title          = "{Regularized Unfolding of Jet Cross Sections in
                        Deep-Inelastic $ep$ Scattering at HERA and Determination
                        of the Strong Coupling Constant}",
      school         = "U. Hamburg, Dept. Phys.",
      year           = "2013",
      doi            = "10.3204/DESY-THESIS-2013-045",
      reportNumber   = "DESY-THESIS-2013-045",
      SLACcitation   = "%%CITATION = DESY-THESIS-2013-045;%%"
}
%      url            = "http://www-library.desy.de/cgi-bin/showprep.pl?thesis13-045",

@inproceedings{Britzger:2012bs,
      author         = "Britzger, Daniel and Rabbertz, Klaus and Stober, Fred and
                        Wobisch, Markus",
      title          = "{New features in version 2 of the fastNLO project}",
      booktitle      = "{Proceedings, 20th International Workshop on
                        Deep-Inelastic Scattering and Related Subjects (DIS 2012):
                        Bonn, Germany, March 26-30, 2012}",
      collaboration  = "fastNLO",
      year           = "2012",
      pages          = "217",
      doi            = "10.3204/DESY-PROC-2012-02/165",
      eprint         = "1208.3641",
      archivePrefix  = "arXiv",
      primaryClass   = "hep-ph",
      SLACcitation   = "%%CITATION = ARXIV:1208.3641;%%"
}
%      url            = "http://inspirehep.net/record/1128033/files/arXiv:1208.3641.pdf",


%H1 photoproduction+DIS VFPS measurement
@article{Andreev:2015cwa,
      author         = "Andreev, V. and others",
      title          = "{Diffractive Dijet Production with a Leading Proton in
                        $ep$ Collisions at HERA}",
      collaboration  = "H1",
      journal        = "JHEP",
      volume         = "05",
      year           = "2015",
      pages          = "056",
      doi            = "10.1007/JHEP05(2015)056",
      eprint         = "1502.01683",
      archivePrefix  = "arXiv",
      primaryClass   = "hep-ex",
      reportNumber   = "DESY-14-242",
      SLACcitation   = "%%CITATION = ARXIV:1502.01683;%%"
}

%H1 DIS LRG measurement
@article{Andreev:2014yra,
      author         = "Andreev, V. and others",
      title          = "{Measurement of Dijet Production in Diffractive
                        Deep-Inelastic ep Scattering at HERA}",
      collaboration  = "H1",
      journal        = "JHEP",
      volume         = "03",
      year           = "2015",
      pages          = "092",
      doi            = "10.1007/JHEP03(2015)092",
      eprint         = "1412.0928",
      archivePrefix  = "arXiv",
      primaryClass   = "hep-ex",
      reportNumber   = "DESY-14-200",
      SLACcitation   = "%%CITATION = ARXIV:1412.0928;%%"
}


%H1 DIS FPS measurement
@article{Aaron:2011mp,
      author         = "Aaron, F. D. and others",
      title          = "{Measurement of Dijet Production in Diffractive
                        Deep-Inelastic Scattering with a Leading Proton at HERA}",
      collaboration  = "H1",
      journal        = "Eur. Phys. J.",
      volume         = "C72",
      year           = "2012",
      pages          = "1970",
      doi            = "10.1140/epjc/s10052-012-1970-9",
      eprint         = "1111.0584",
      archivePrefix  = "arXiv",
      primaryClass   = "hep-ex",
      reportNumber   = "DESY-11-166",
      SLACcitation   = "%%CITATION = ARXIV:1111.0584;%%"
}

%H1 photoproduction LRG - Karel
@article{Aaron:2010su,
      author         = "Aaron, F. D. and others",
      title          = "{Diffractive Dijet Photoproduction in ep Collisions at
                        HERA}",
      collaboration  = "H1",
      journal        = "Eur. Phys. J.",
      volume         = "C70",
      year           = "2010",
      pages          = "15-37",
      doi            = "10.1140/epjc/s10052-010-1448-6",
      eprint         = "1006.0946",
      archivePrefix  = "arXiv",
      primaryClass   = "hep-ex",
      reportNumber   = "DESY-10-043, DESY10-043",
      SLACcitation   = "%%CITATION = ARXIV:1006.0946;%%"
}


%H1 DIS LRG HERA I analysis - Mozer (Fit Jets)
@article{Aktas:2007bv,
      author         = "Aktas, A. and others",
      title          = "{Dijet Cross Sections and Parton Densities in Diffractive
                        DIS at HERA}",
      collaboration  = "H1",
      journal        = "JHEP",
      volume         = "10",
      year           = "2007",
      pages          = "042",
      doi            = "10.1088/1126-6708/2007/10/042",
      eprint         = "0708.3217",
      archivePrefix  = "arXiv",
      primaryClass   = "hep-ex",
      reportNumber   = "DESY-07-115",
      SLACcitation   = "%%CITATION = ARXIV:0708.3217;%%"
}

%ZEUS SJ
@article{Chekanov:2009aa,
      author         = "Chekanov, S. and others",
      title          = "{A QCD analysis of ZEUS diffractive data}",
      collaboration  = "ZEUS",
      journal        = "Nucl. Phys.",
      volume         = "B831",
      year           = "2010",
      pages          = "1",
      doi            = "10.1016/j.nuclphysb.2010.01.014",
      eprint         = "0911.4119",
      archivePrefix  = "arXiv",
      primaryClass   = "hep-ex",
      reportNumber   = "DESY-09-191",
      SLACcitation   = "%%CITATION = ARXIV:0911.4119;%%"
}


%ZEUS DIS LRG measurement
@article{Chekanov:2007aa,
      author         = "Chekanov, S. and others",
      title          = "{Dijet production in diffractive deep inelastic
                        scattering at HERA}",
      booktitle      = "{Proceedings, 15th International Workshop on
                        Deep-inelastic scattering and related subjects (DIS 2007).
                        Vol. 1 and 2: Munich, Germany, April 16-20, 2007}",
      collaboration  = "ZEUS",
      journal        = "Eur. Phys. J.",
      volume         = "C52",
      year           = "2007",
      pages          = "813",
      doi            = "10.1140/epjc/s10052-007-0426-0, 10.3204/proc07-01/112",
      note           = "[,671(2007)]",
      eprint         = "0708.1415",
      archivePrefix  = "arXiv",
      primaryClass   = "hep-ex",
      reportNumber   = "DESY-07-126",
      SLACcitation   = "%%CITATION = ARXIV:0708.1415;%%"
}




%H1 PHP+DIS LRG factorisation paper - Schatzel
@article{Aktas:2007hn,
      author         = "Aktas, A. and others",
      title          = "{Tests of QCD factorisation in the diffractive production
                        of dijets in deep-inelastic scattering and photoproduction
                        at HERA}",
      collaboration  = "H1",
      journal        = "Eur. Phys. J.",
      volume         = "C51",
      year           = "2007",
      pages          = "549",
      doi            = "10.1140/epjc/s10052-007-0325-4",
      eprint         = "hep-ex/0703022",
      archivePrefix  = "arXiv",
      primaryClass   = "hep-ex",
      reportNumber   = "DESY-07-018",
      SLACcitation   = "%%CITATION = HEP-EX/0703022;%%"
}

%H1 2006 Fit B paper
@article{Aktas:2006hy,
      author         = "Aktas, A. and others",
      title          = "{Measurement and QCD analysis of the diffractive
                        deep-inelastic scattering cross-section at HERA}",
      collaboration  = "H1",
      journal        = "Eur. Phys. J.",
      volume         = "C48",
      year           = "2006",
      pages          = "715",
      doi            = "10.1140/epjc/s10052-006-0035-3",
      eprint         = "hep-ex/0606004",
      archivePrefix  = "arXiv",
      primaryClass   = "hep-ex",
      reportNumber   = "DESY-06-049",
      SLACcitation   = "%%CITATION = HEP-EX/0606004;%%"
}






@article{Aad:2014vwa,
      author         = "Aad, Georges and others",
      title          = "{Measurement of the inclusive jet cross-section in
                        proton-proton collisions at $ \sqrt{s}=7 $ TeV using 4.5
                        fb$^{−1}$ of data with the ATLAS detector}",
      collaboration  = "ATLAS",
      journal        = "JHEP",
      volume         = "02",
      year           = "2015",
      pages          = "153",
      doi            = "10.1007/JHEP02(2015)153, 10.1007/JHEP09(2015)141",
      note           = "[Erratum: JHEP 09, 141 (2015)]",
      eprint         = "1410.8857",
      archivePrefix  = "arXiv",
      primaryClass   = "hep-ex",
      reportNumber   = "CERN-PH-EP-2014-155",
      SLACcitation   = "%%CITATION = ARXIV:1410.8857;%%"
}

@article{Aktas:2007aa,
      author         = "Aktas, A. and others",
      title          = "{Measurement of inclusive jet production in
                        deep-inelastic scattering at high Q**2 and determination
                        of the strong coupling}",
      collaboration  = "H1",
      journal        = "Phys. Lett.",
      volume         = "B653",
      year           = "2007",
      pages          = "134",
      doi            = "10.1016/j.physletb.2007.07.050",
      eprint         = "0706.3722",
      archivePrefix  = "arXiv",
      primaryClass   = "hep-ex",
      reportNumber   = "DESY-07-073",
      SLACcitation   = "%%CITATION = ARXIV:0706.3722;%%"
}

@article{Aaron:2009vs,
      author         = "Aaron, F. D. and others",
      title          = "{Jet Production in ep Collisions at High Q**2 and
                        Determination of alpha(s)}",
      collaboration  = "H1",
      journal        = "Eur. Phys. J.",
      volume         = "C65",
      year           = "2010",
      pages          = "363",
      doi            = "10.1140/epjc/s10052-009-1208-7",
      eprint         = "0904.3870",
      archivePrefix  = "arXiv",
      primaryClass   = "hep-ex",
      reportNumber   = "DESY-09-032, DESY09-032",
      SLACcitation   = "%%CITATION = ARXIV:0904.3870;%%"
}


@ARTICLE{Abazov:2009nc,
  author = {Abazov, V. M. and others},
  title = {Determination of the strong coupling constant from the inclusive jet cross section in $p\bar{p}$ collisions at $\sqrt{s}=1.96$ {TeV}},
  journal = {Phys. Rev. D},
  year = {2009},
  volume = {80},
  pages = {111107},
  archiveprefix = {arXiv},
  collaboration = {D0},
  doi = {10.1103/PhysRevD.80.111107},
  eprint = {0911.2710},
  primaryclass = {hep-ex},
  review = {Inclusive jets, strong coupling constant, alpha_s},
  slaccitation = {%%CITATION = ARXIV:0911.2710;%%},
  timestamp = {2010.02.04}
}

@article{Patrignani:2016xqp,
      author         = "Patrignani, C. and others",
      title          = "{Review of Particle Physics}",
      collaboration  = "Particle Data Group",
      journal        = "Chin. Phys.",
      volume         = "C40",
      year           = "2016",
      number         = "10",
      pages          = "100001",
      doi            = "10.1088/1674-1137/40/10/100001",
      SLACcitation   = "%%CITATION = CHPHD,C40,100001;%%"
}
@ARTICLE{Agashe:2014kda,
  author = {Olive, K. A. and others {(Particle Data Group)}},
  title = {Review of Particle Physics},
  journal = {Chin. Phys. C},
  year = {2014},
  volume = {38},
  pages = {090001},
  doi = {10.1088/1674-1137/38/9/090001},
  review = {QCD Reviews: Particle Physics - RPP},
  slaccitation = {%%CITATION = CHPHD,C38,090001;%%},
  timestamp = {2014.09.18}
}

@ARTICLE{Andreev:2014wwa,
  author = {Andreev, V. and others},
  title = {Measurement of multijet production in $ep$ collisions at high $Q^2$ and determination of the strong coupling $\alpha _s$},
  journal = {Eur. Phys. J. C},
  year = {2015},
  volume = {75},
  pages = {65},
  archiveprefix = {arXiv},
  collaboration = {H1},
  doi = {10.1140/epjc/s10052-014-3223-6},
  eprint = {1406.4709},
  primaryclass = {hep-ex},
  reportnumber = {DESY-14-089},
  review = {alpha_s determination; H1 inclusive jets high Q2},
  slaccitation = {%%CITATION = ARXIV:1406.4709;%%},
  timestamp = {2014.06.30}
}

@ARTICLE{Khachatryan:2014waa,
  author = {Khachatryan, Vardan and others},
  title = {Constraints on parton distribution functions and extraction of the strong coupling constant from the inclusive jet cross section in pp collisions at $\sqrt{s}$ = 7 {TeV}},
  journal = {Eur. Phys. J. C},
  year = {2015},
  volume = {75},
  pages = {288},
  archiveprefix = {arXiv},
  collaboration = {CMS},
  doi = {10.1140/epjc/s10052-015-3499-1},
  eprint = {1410.6765},
  primaryclass = {hep-ex},
  reportnumber = {CMS-SMP-12-028, CERN-PH-EP-2014-238},
  slaccitation = {%%CITATION = ARXIV:1410.6765;%%},
  timestamp = {2015.02.10}
}


@article{Currie:2016ytq,
      author         = "Currie, James and Gehrmann, Thomas and Niehues, Jan",
      title          = "{Precise QCD predictions for the production of dijet
                        final states in deep inelastic scattering}",
      journal        = "Phys. Rev. Lett.",
      volume         = "117",
      year           = "2016",
      number         = "4",
      pages          = "042001",
      doi            = "10.1103/PhysRevLett.117.042001",
      eprint         = "1606.03991",
      archivePrefix  = "arXiv",
      primaryClass   = "hep-ph",
      SLACcitation   = "%%CITATION = ARXIV:1606.03991;%%"
}

@article{Currie:2017tpe,
      author         = "Currie, James and Gehrmann, Thomas and Huss, Alexander
                        and Niehues, Jan",
      title          = "{NNLO QCD corrections to jet production in deep inelastic
                        scattering}",
      journal        = "JHEP",
      volume         = "07",
      year           = "2017",
      pages          = "018",
      doi            = "10.1007/JHEP07(2017)018",
      eprint         = "1703.05977",
      archivePrefix  = "arXiv",
      primaryClass   = "hep-ph",
      SLACcitation   = "%%CITATION = ARXIV:1703.05977;%%"
}

%Non-diffractive ep jets compared to NNLO
@article{Andreev:2016tgi,
      author         = "Andreev, Vladimir and others",
      title          = "{Measurement of Jet Production Cross Sections in
                        Deep-inelastic ep Scattering at HERA}",
      collaboration  = "H1",
      journal        = "Eur. Phys. J.",
      volume         = "C77",
      year           = "2017",
      number         = "4",
      pages          = "215",
      doi            = "10.1140/epjc/s10052-017-4717-9",
      eprint         = "1611.03421",
      archivePrefix  = "arXiv",
      primaryClass   = "hep-ex",
      reportNumber   = "DESY-16-200",
      SLACcitation   = "%%CITATION = ARXIV:1611.03421;%%"
}

@article{Andreev:2017vxu,
      author         = "Andreev, V. and others",
      title          = "{Determination of the strong coupling constant
                        $\alpha_s(m_Z)$ in next-to-next-to-leading order QCD using
                        H1 jet cross section measurements}",
      collaboration  = "H1",
      journal        = "Eur. Phys. J.",
      volume         = "C77",
      year           = "2017",
      number         = "11",
      pages          = "791",
      doi            = "10.1140/epjc/s10052-017-5314-7",
      eprint         = "1709.07251",
      archivePrefix  = "arXiv",
      primaryClass   = "hep-ex",
      reportNumber   = "DESY-17-137",
      SLACcitation   = "%%CITATION = ARXIV:1709.07251;%%"
}

@article{Alvero:1998ta,
      author         = "Alvero, Lyndon and Collins, John C. and Terron, Juan and
                        Whitmore, J. J.",
      title          = "{Diffractive production of jets and weak bosons, and
                        tests of hard scattering factorization}",
      journal        = "Phys. Rev.",
      volume         = "D59",
      year           = "1999",
      pages          = "074022",
      doi            = "10.1103/PhysRevD.59.074022",
      eprint         = "hep-ph/9805268",
      archivePrefix  = "arXiv",
      primaryClass   = "hep-ph",
      reportNumber   = "CTEQ-701-REV, PSU-TH-177-REV",
      SLACcitation   = "%%CITATION = HEP-PH/9805268;%%"
}

@article{Glover:2010im,
      author         = "Glover, E. W. Nigel and Pires, Joao",
      title          = "{Antenna subtraction for gluon scattering at NNLO}",
      journal        = "JHEP",
      volume         = "06",
      year           = "2010",
      pages          = "096",
      doi            = "10.1007/JHEP06(2010)096",
      eprint         = "1003.2824",
      archivePrefix  = "arXiv",
      primaryClass   = "hep-ph",
      reportNumber   = "IPPP-10-22",
      SLACcitation   = "%%CITATION = ARXIV:1003.2824;%%"
}

@article{GehrmannDeRidder:2011aa,
      author         = "Gehrmann-De Ridder, Aude and Glover, E. W. Nigel and Pires,
                        Joao",
      title          = "{Real-Virtual corrections for gluon scattering at NNLO}",
      journal        = "JHEP",
      volume         = "02",
      year           = "2012",
      pages          = "141",
      doi            = "10.1007/JHEP02(2012)141",
      eprint         = "1112.3613",
      archivePrefix  = "arXiv",
      primaryClass   = "hep-ph",
      reportNumber   = "IPPP-11-78",
      SLACcitation   = "%%CITATION = ARXIV:1112.3613;%%"
}

@article{Sterman:1977wj,
      author         = "Sterman, George F. and Weinberg, Steven",
      title          = "{Jets from Quantum Chromodynamics}",
      journal        = "Phys. Rev. Lett.",
      volume         = "39",
      year           = "1977",
      pages          = "1436",
      doi            = "10.1103/PhysRevLett.39.1436",
      reportNumber   = "HUTP-77/A044",
      SLACcitation   = "%%CITATION = PRLTA,39,1436;%%"
}

@phdthesis{Bonato:2008zz,
      author         = "Bonato, Alessio",
      title          = "{Diffractive Dijet Production in Deep Inelastic
                        Scattering at ZEUS}",
      school         = "Hamburg U.",
      year           = "2008",
      doi            = "10.3204/DESY-THESIS-2008-008",
      reportNumber   = "DESY-THESIS-2008-008",
      SLACcitation   = "%%CITATION = DESY-THESIS-2008-008;%%"
}
%      url            = "http://inspirehep.net/record/783511/files/desy-thesis-08-008.pdf",

@article{Garland:2001tf,
      author         = "Garland, L. W. and Gehrmann, T. and Glover, E. W. Nigel
                        and Koukoutsakis, A. and Remiddi, E.",
      title          = "{The Two loop QCD matrix element for $e^+ e^- \to$ 3 jets}",
      journal        = "Nucl. Phys.",
      volume         = "B627",
      year           = "2002",
      pages          = "107",
      doi            = "10.1016/S0550-3213(02)00057-3",
      eprint         = "hep-ph/0112081",
      archivePrefix  = "arXiv",
      primaryClass   = "hep-ph",
      reportNumber   = "IPPP-01-59, DCPT-01-118, CERN-TH-2001-348",
      SLACcitation   = "%%CITATION = HEP-PH/0112081;%%"
}

@article{Garland:2002ak,
      author         = "Garland, L. W. and Gehrmann, T. and Glover, E. W. Nigel
                        and Koukoutsakis, A. and Remiddi, E.",
      title          = "{Two loop QCD helicity amplitudes for $e^+ e^- \to$ three
                        jets}",
      journal        = "Nucl. Phys.",
      volume         = "B642",
      year           = "2002",
      pages          = "227",
      doi            = "10.1016/S0550-3213(02)00627-2",
      eprint         = "hep-ph/0206067",
      archivePrefix  = "arXiv",
      primaryClass   = "hep-ph",
      reportNumber   = "IPPP-02-28, DCPT-02-56, CERN-TH-2002-122",
      SLACcitation   = "%%CITATION = HEP-PH/0206067;%%"
}
@article{Gehrmann:2002zr,
      author         = "Gehrmann, T. and Remiddi, E.",
      title          = "{Analytic continuation of massless two loop four point
                        functions}",
      journal        = "Nucl. Phys.",
      volume         = "B640",
      year           = "2002",
      pages          = "379",
      doi            = "10.1016/S0550-3213(02)00569-2",
      eprint         = "hep-ph/0207020",
      archivePrefix  = "arXiv",
      primaryClass   = "hep-ph",
      reportNumber   = "CERN-TH-2002-145",
      SLACcitation   = "%%CITATION = HEP-PH/0207020;%%"
}
@article{Gehrmann:2009vu,
      author         = "Gehrmann, T. and Glover, E. W. N.",
      title          = "{Two-Loop QCD Helicity Amplitudes for (2+1)-Jet
                        Production in Deep Inelastic Scattering}",
      journal        = "Phys. Lett.",
      volume         = "B676",
      year           = "2009",
      pages          = "146",
      doi            = "10.1016/j.physletb.2009.04.083",
      eprint         = "0904.2665",
      archivePrefix  = "arXiv",
      primaryClass   = "hep-ph",
      reportNumber   = "ZU-TH-05-09, IPPP-09-31",
      SLACcitation   = "%%CITATION = ARXIV:0904.2665;%%"
}
@article{Glover:1996eh,
      author         = "Glover, E. W. N. and Miller, D. J.",
      title          = "{The One loop QCD corrections for $\gamma^* \to Q \bar{Q} q
                        \bar{q}$}",
      journal        = "Phys. Lett.",
      volume         = "B396",
      year           = "1997",
      pages          = "257",
      doi            = "10.1016/S0370-2693(97)00113-5",
      eprint         = "hep-ph/9609474",
      archivePrefix  = "arXiv",
      primaryClass   = "hep-ph",
      reportNumber   = "DTP-96-66",
      SLACcitation   = "%%CITATION = HEP-PH/9609474;%%"
}
@article{Bern:1996ka,
      author         = "Bern, Zvi and Dixon, Lance J. and Kosower, David A. and
                        Weinzierl, Stefan",
      title          = "{One loop amplitudes for $e^+ e^- \to \bar{q} q \bar{Q} Q$}",
      journal        = "Nucl. Phys.",
      volume         = "B489",
      year           = "1997",
      pages          = "3",
      doi            = "10.1016/S0550-3213(96)00703-1",
      eprint         = "hep-ph/9610370",
      archivePrefix  = "arXiv",
      primaryClass   = "hep-ph",
      reportNumber   = "SLAC-PUB-7316, SACLAY-SPH-T-96-111, UCLA-96-TEP-33",
      SLACcitation   = "%%CITATION = HEP-PH/9610370;%%"
}
@article{Campbell:1997tv,
      author         = "Campbell, John M. and Glover, E. W. Nigel and Miller, D.
                        J.",
      title          = "{The One loop QCD corrections for $\gamma^* \to  q \bar{q} g
                        g$}",
      journal        = "Phys. Lett.",
      volume         = "B409",
      year           = "1997",
      pages          = "503",
      doi            = "10.1016/S0370-2693(97)00909-X",
      eprint         = "hep-ph/9706297",
      archivePrefix  = "arXiv",
      primaryClass   = "hep-ph",
      reportNumber   = "DTP-97-44, RAL-TR-97-027",
      SLACcitation   = "%%CITATION = HEP-PH/9706297;%%"
}
@article{Bern:1997sc,
      author         = "Bern, Zvi and Dixon, Lance J. and Kosower, David A.",
      title          = "{One loop amplitudes for $e^+ e^-$ to four partons}",
      journal        = "Nucl. Phys.",
      volume         = "B513",
      year           = "1998",
      pages          = "3",
      doi            = "10.1016/S0550-3213(97)00703-7",
      eprint         = "hep-ph/9708239",
      archivePrefix  = "arXiv",
      primaryClass   = "hep-ph",
      reportNumber   = "SLAC-PUB-7529, SACLAY-SPH-T-97-090, UCLA-97-TEP-10",
      SLACcitation   = "%%CITATION = HEP-PH/9708239;%%"
}
@article{Hagiwara:1988pp,
      author         = "Hagiwara, Kaoru and Zeppenfeld, D.",
      title          = "{Amplitudes for Multiparton Processes Involving a Current
                        at $e^+ e^-$, $e^\pm p$, and Hadron Colliders}",
      journal        = "Nucl. Phys.",
      volume         = "B313",
      year           = "1989",
      pages          = "560",
      doi            = "10.1016/0550-3213(89)90397-0",
      reportNumber   = "KEK-TH-199, MAD-PH-402, KEK-PREPRINT-87-158",
      SLACcitation   = "%%CITATION = NUPHA,B313,560;%%"
}
@article{Berends:1988yn,
      author         = "Berends, Frits A. and Giele, W. T. and Kuijf, H.",
      title          = "{Exact Expressions for Processes Involving a Vector Boson
                        and Up to Five Partons}",
      journal        = "Nucl. Phys.",
      volume         = "B321",
      year           = "1989",
      pages          = "39",
      doi            = "10.1016/0550-3213(89)90242-3",
      reportNumber   = "Print-89-0055 (LEIDEN)",
      SLACcitation   = "%%CITATION = NUPHA,B321,39;%%"
}
@article{Falck:1989uz,
      author         = "Falck, N. K. and Graudenz, D. and Kramer, G.",
      title          = "{Cross-section for Five Jet Production in $e^+ e^-$
                        Annihilation}",
      journal        = "Nucl. Phys.",
      volume         = "B328",
      year           = "1989",
      pages          = "317",
      doi            = "10.1016/0550-3213(89)90331-3",
      reportNumber   = "DESY-89-027",
      SLACcitation   = "%%CITATION = NUPHA,B328,317;%%"
}

@article{GehrmannDeRidder:2005cm,
      author         = "Gehrmann-De Ridder, A. and Gehrmann, T. and Glover, E. W.
                        Nigel",
      title          = "{Antenna subtraction at NNLO}",
      journal        = "JHEP",
      volume         = "09",
      year           = "2005",
      pages          = "056",
      doi            = "10.1088/1126-6708/2005/09/056",
      eprint         = "hep-ph/0505111",
      archivePrefix  = "arXiv",
      primaryClass   = "hep-ph",
      reportNumber   = "ZU-TH-07-05, IPPP-05-18",
      SLACcitation   = "%%CITATION = HEP-PH/0505111;%%"
}
@article{GehrmannDeRidder:2005aw,
      author         = "Gehrmann-De Ridder, A. and Gehrmann, T. and Glover, E. W.
                        Nigel",
      title          = "{Gluon-gluon antenna functions from Higgs boson decay}",
      journal        = "Phys. Lett.",
      volume         = "B612",
      year           = "2005",
      pages          = "49",
      doi            = "10.1016/j.physletb.2005.03.003",
      eprint         = "hep-ph/0502110",
      archivePrefix  = "arXiv",
      primaryClass   = "hep-ph",
      reportNumber   = "ZU-TH-02-05, IPPP-05-03, DCPT-05-06",
      SLACcitation   = "%%CITATION = HEP-PH/0502110;%%"
}
@article{GehrmannDeRidder:2005hi,
      author         = "Gehrmann-De Ridder, A. and Gehrmann, T. and Glover, E. W.
                        Nigel",
      title          = "{Quark-gluon antenna functions from neutralino decay}",
      journal        = "Phys. Lett.",
      volume         = "B612",
      year           = "2005",
      pages          = "36",
      doi            = "10.1016/j.physletb.2005.02.039",
      eprint         = "hep-ph/0501291",
      archivePrefix  = "arXiv",
      primaryClass   = "hep-ph",
      reportNumber   = "ZU-TH-01-05, IPPP-05-01, DCPT-05-02",
      SLACcitation   = "%%CITATION = HEP-PH/0501291;%%"
}
@article{Currie:2013vh,
      author         = "Currie, James and Glover, E. W. N. and Wells, Steven",
      title          = "{Infrared Structure at NNLO Using Antenna Subtraction}",
      journal        = "JHEP",
      volume         = "04",
      year           = "2013",
      pages          = "066",
      doi            = "10.1007/JHEP04(2013)066",
      eprint         = "1301.4693",
      archivePrefix  = "arXiv",
      primaryClass   = "hep-ph",
      reportNumber   = "IPPP-12-82, ZU-TH-26-12",
      SLACcitation   = "%%CITATION = ARXIV:1301.4693;%%"
}
@article{Carli:2010cg,
      author         = "Carli, Tancredi and Gehrmann, Thomas and Hoeche, Stefan",
      title          = "{Hadronic final states in deep-inelastic scattering with
                        Sherpa}",
      journal        = "Eur. Phys. J.",
      volume         = "C67",
      year           = "2010",
      pages          = "73",
      doi            = "10.1140/epjc/s10052-010-1261-2",
      eprint         = "0912.3715",
      archivePrefix  = "arXiv",
      primaryClass   = "hep-ph",
      reportNumber   = "ZU-TH-20-09, MCNET-09-19",
      SLACcitation   = "%%CITATION = ARXIV:0912.3715;%%"
}
@article{Cascioli:2011va,
      author         = "Cascioli, Fabio and Maierhofer, Philipp and Pozzorini,
                        Stefano",
      title          = "{Scattering Amplitudes with Open Loops}",
      journal        = "Phys. Rev. Lett.",
      volume         = "108",
      year           = "2012",
      pages          = "111601",
      doi            = "10.1103/PhysRevLett.108.111601",
      eprint         = "1111.5206",
      archivePrefix  = "arXiv",
      primaryClass   = "hep-ph",
      reportNumber   = "ZU-TH-23-11, LPN11-66",
      SLACcitation   = "%%CITATION = ARXIV:1111.5206;%%"
}
@article{Newman:2013ada,
      author         = "Newman, Paul and Wing, Matthew",
      title          = "{The Hadronic Final State at HERA}",
      journal        = "Rev. Mod. Phys.",
      volume         = "86",
      year           = "2014",
      number         = "3",
      pages          = "1037",
      doi            = "10.1103/RevModPhys.86.1037",
      eprint         = "1308.3368",
      archivePrefix  = "arXiv",
      primaryClass   = "hep-ex",
      SLACcitation   = "%%CITATION = ARXIV:1308.3368;%%"
}

%kT algorithm
@article{Catani:1992zp,
      author         = "Catani, S. and Dokshitzer, Yuri L. and Webber, B. R.",
      title          = "{The $K^-$ perpendicular clustering algorithm for jets in
                        deep inelastic scattering and hadron collisions}",
      journal        = "Phys. Lett.",
      volume         = "B285",
      year           = "1992",
      pages          = "291",
      doi            = "10.1016/0370-2693(92)91467-N",
      reportNumber   = "CERN-TH-6473-92, LU-TP-92-14",
      SLACcitation   = "%%CITATION = PHLTA,B285,291;%%"
}

%kT algorithm
@article{Ellis:1993tq,
      author         = "Ellis, Stephen D. and Soper, Davison E.",
      title          = "{Successive combination jet algorithm for hadron
                        collisions}",
      journal        = "Phys. Rev.",
      volume         = "D48",
      year           = "1993",
      pages          = "3160",
      doi            = "10.1103/PhysRevD.48.3160",
      eprint         = "hep-ph/9305266",
      archivePrefix  = "arXiv",
      primaryClass   = "hep-ph",
      reportNumber   = "CERN-TH-6860-93",
      SLACcitation   = "%%CITATION = HEP-PH/9305266;%%"
}



% DGLAP
@article{Dokshitzer:1977sg,
      author         = "Dokshitzer, Yuri L.",
      title          = "{Calculation of the Structure Functions for Deep
                        Inelastic Scattering and e+ e- Annihilation by
                        Perturbation Theory in Quantum Chromodynamics.}",
      journal        = "Sov. Phys. JETP",
      volume         = "46",
      year           = "1977",
      pages          = "641",
      note           = "[Zh.~Eksp.~Teor.~Fiz.~73~(1977)~1216]",
      SLACcitation   = "%%CITATION = SPHJA,46,641;%%"
}
@article{Altarelli:1977zs,
      author         = "Altarelli, Guido and Parisi, G.",
      title          = "{Asymptotic Freedom in Parton Language}",
      journal        = "Nucl. Phys.",
      volume         = "B126",
      year           = "1977",
      pages          = "298",
      doi            = "10.1016/0550-3213(77)90384-4",
      reportNumber   = "LPTENS-77-6",
      SLACcitation   = "%%CITATION = NUPHA,B126,298;%%"
}
@article{Gribov:1972ri,
      author         = "Gribov, V. N. and Lipatov, L. N.",
      title          = "{Deep inelastic e p scattering in perturbation theory}",
      journal        = "Sov. J. Nucl. Phys.",
      volume         = "15",
      year           = "1972",
      pages          = "438",
      note           = "[Yad.~Fiz.~15~(1972)~781]",
      reportNumber   = "IPTI-381-71",
      SLACcitation   = "%%CITATION = SJNCA,15,438;%%"
}




@article{Potter:1999gg,
      author         = "Potter, B.",
      title          = "{JetViP 2.1: The hbook version}",
      journal        = "Comput. Phys. Commun.",
      volume         = "133",
      year           = "2000",
      pages          = "105",
      doi            = "10.1016/S0010-4655(00)00158-2",
      eprint         = "hep-ph/9911221",
      archivePrefix  = "arXiv",
      primaryClass   = "hep-ph",
      reportNumber   = "MPI-PHT-99-54, MPI-PHT-99-054",
      SLACcitation   = "%%CITATION = HEP-PH/9911221;%%"
}

@inproceedings{Duprel:1999wz,
      author         = "Duprel, C. and Hadig, T. and Kauer, N. and Wobisch, M.",
      title          = "{Comparison of next-to-leading order calculations for jet
                        cross-sections in deep inelastic scattering}",
      booktitle      = "{Monte Carlo generators for HERA physics. Proceedings,
                        Workshop, Hamburg, Germany, 1998-1999}",
      year           = "1999",
      pages          = "142",
      eprint         = "hep-ph/9910448",
      archivePrefix  = "arXiv",
      primaryClass   = "hep-ph",
      reportNumber   = "MADPH-99-1129, PITHA-99-30",
      SLACcitation   = "%%CITATION = HEP-PH/9910448;%%"
}

%Proton dissociation old
@article{Aktas:2006hx,
      author         = "Aktas, A. and others",
      title          = "{Diffractive deep-inelastic scattering with a leading
                        proton at HERA}",
      collaboration  = "H1",
      journal        = "Eur. Phys. J.",
      volume         = "C48",
      year           = "2006",
      pages          = "749",
      doi            = "10.1140/epjc/s10052-006-0046-0",
      eprint         = "hep-ex/0606003",
      archivePrefix  = "arXiv",
      primaryClass   = "hep-ex",
      reportNumber   = "DESY-06-048",
      SLACcitation   = "%%CITATION = HEP-EX/0606003;%%"
}

%Proton dissociation new
@article{Aaron:2010aa,
      author         = "Aaron, F. D. and others",
      title          = "{Measurement of the cross section for diffractive
                        deep-inelastic scattering with a leading proton at HERA}",
      journal        = "Eur. Phys. J.",
      volume         = "C71",
      year           = "2011",
      pages          = "1578",
      doi            = "10.1140/epjc/s10052-011-1578-5",
      eprint         = "1010.1476",
      archivePrefix  = "arXiv",
      primaryClass   = "hep-ex",
      reportNumber   = "DESY-10-095",
      SLACcitation   = "%%CITATION = ARXIV:1010.1476;%%"
}

%MRW fit
@article{Martin:2006td,
      author         = "Martin, A. D. and Ryskin, M. G. and Watt, G.",
      title          = "{Diffractive parton distributions from H1 data}",
      journal        = "Phys. Lett.",
      volume         = "B644",
      year           = "2007",
      pages          = "131",
      doi            = "10.1016/j.physletb.2006.11.032",
      eprint         = "hep-ph/0609273",
      archivePrefix  = "arXiv",
      primaryClass   = "hep-ph",
      reportNumber   = "IPPP-06-66, DCPT-06-132",
      SLACcitation   = "%%CITATION = HEP-PH/0609273;%%"
}

%Inclusive H1 combination + ZEUS comparison
@article{Aaron:2012ad,
      author         = "Aaron, F. D. and others",
      title          = "{Inclusive Measurement of Diffractive Deep-Inelastic
                        Scattering at HERA}",
      collaboration  = "H1",
      journal        = "Eur. Phys. J.",
      volume         = "C72",
      year           = "2012",
      pages          = "2074",
      doi            = "10.1140/epjc/s10052-012-2074-2",
      eprint         = "1203.4495",
      archivePrefix  = "arXiv",
      primaryClass   = "hep-ex",
      reportNumber   = "DESY-12-041",
      SLACcitation   = "%%CITATION = ARXIV:1203.4495;%%"
}


@article{Dissertori:2015tfa,
      author         = "Dissertori, G.",
      title          = "{The Determination of the Strong Coupling Constant}",
      journal        = "Adv. Ser. Direct. High Energy Phys.",
      volume         = "26",
      year           = "2016",
      pages          = "113",
      doi            = "10.1142/9789814733519_0006",
      eprint         = "1506.05407",
      archivePrefix  = "arXiv",
      primaryClass   = "hep-ex",
      SLACcitation   = "%%CITATION = ARXIV:1506.05407;%%"
}

@article{List:1998jz,
      author         = "List, B. and Mastroberardino, A.",
      title          = "{DIFFVM: A Monte Carlo generator for diffractive
                        processes in e p scattering}",
      booktitle      = "{Monte Carlo generators for HERA physics. Proceedings,
                        Workshop, Hamburg, Germany, 1998-1999}",
      journal        = "Conf. Proc.",
      volume         = "C980427",
      year           = "1998",
      pages          = "396",
      SLACcitation   = "%%CITATION = CONFP,C980427,396;%%"
}

%PDF overview 
@article{Zlebcik:2011kq,
      author         = "Zlebcik, Radek and Cerny, Karel and Valkarova, Alice",
      title          = "{Factorisation breaking in diffractive dijet
                        photoproduction at HERA?}",
      journal        = "Eur. Phys. J.",
      volume         = "C71",
      year           = "2011",
      pages          = "1741",
      doi            = "10.1140/epjc/s10052-011-1741-z",
      eprint         = "1102.3806",
      archivePrefix  = "arXiv",
      primaryClass   = "hep-ph",
      SLACcitation   = "%%CITATION = ARXIV:1102.3806;%%"
}

@article{Ingelman:1984ns,
      author         = "Ingelman, G. and Schlein, P. E.",
      title          = "{Jet Structure in High Mass Diffractive Scattering}",
      journal        = "Phys. Lett.",
      volume         = "152B",
      year           = "1985",
      pages          = "256",
      doi            = "10.1016/0370-2693(85)91181-5",
      reportNumber   = "CERN-TH-4062/84",
      SLACcitation   = "%%CITATION = PHLTA,152B,256;%%"
}


@inproceedings{Gehrmann:2018szu,
      author         = "Gehrmann, T. and others",
      title          = "{Jet cross sections and transverse momentum distributions
                        with NNLOJET}",
      booktitle      = "{Proceedings, 13th International Symposium on Radiative
                        Corrections: Application of Quantum Field Theory to
                        Phenomenology (RADCOR2017): St. Gilgen, Austria, September
                        24-29, 2017}",
      year           = "2018",
      eprint         = "1801.06415",
      archivePrefix  = "arXiv",
      primaryClass   = "hep-ph",
      reportNumber   = "CFTP-18-001",
      SLACcitation   = "%%CITATION = ARXIV:1801.06415;%%"
}
%      url            = "http://inspirehep.net/record/1649093/files/arXiv:1801.06415.pdf",


@article{Gehrmann:1995by,
      author         = "Gehrmann, T. and Stirling, W. James",
      title          = "{Deep inelastic electron - pomeron scattering at HERA}",
      journal        = "Z. Phys.",
      volume         = "C70",
      year           = "1996",
      pages          = "89",
      doi            = "10.1007/s002880050085",
      eprint         = "hep-ph/9503351",
      archivePrefix  = "arXiv",
      primaryClass   = "hep-ph",
      reportNumber   = "DTP-95-26-REV, DTP-95-26",
      SLACcitation   = "%%CITATION = HEP-PH/9503351;%%"
}


@article{Ahmed:1995ns,
      author         = "Ahmed, T. and others",
      title          = "{First measurement of the deep inelastic structure of
                        proton diffraction}",
      collaboration  = "H1",
      journal        = "Phys. Lett.",
      volume         = "B348",
      year           = "1995",
      pages          = "681",
      doi            = "10.1016/0370-2693(95)00279-T",
      eprint         = "hep-ex/9503005",
      archivePrefix  = "arXiv",
      primaryClass   = "hep-ex",
      reportNumber   = "DESY-95-036",
      SLACcitation   = "%%CITATION = HEP-EX/9503005;%%"
}
@article{Landshoff:1986yj,
      author         = "Landshoff, P. V. and Nachtmann, O.",
      title          = "{Vacuum Structure and Diffraction Scattering}",
      journal        = "Z. Phys.",
      volume         = "C35",
      year           = "1987",
      pages          = "405",
      doi            = "10.1007/BF01570779",
      reportNumber   = "HD-THEP-86-23, DAMTP-86/27",
      SLACcitation   = "%%CITATION = ZEPYA,C35,405;%%"
}
@article{Goharipour:2018yov,
      author         = "Goharipour, Muhammad and Khanpour, Hamzeh and Guzey,
                        Vadim",
      title          = "{First global next-to-leading order determination of
                        diffractive parton distribution functions and their
                        uncertainties within the {\tt xFitter} framework}",
      year           = "2018",
      eprint         = "1802.01363",
      archivePrefix  = "arXiv",
      primaryClass   = "hep-ph",
      SLACcitation   = "%%CITATION = ARXIV:1802.01363;%%"
}

@article{Klasen:2004ct,
      author         = "Klasen, Michael and Kramer, Gustav",
      title          = "{Evidence for factorization breaking in diffractive
                        low-Q**2 dijet production}",
      journal        = "Phys. Rev. Lett.",
      volume         = "93",
      year           = "2004",
      pages          = "232002",
      doi            = "10.1103/PhysRevLett.93.232002",
      eprint         = "hep-ph/0410105",
      archivePrefix  = "arXiv",
      primaryClass   = "hep-ph",
      reportNumber   = "LPSC-04-069",
      SLACcitation   = "%%CITATION = HEP-PH/0410105;%%"
}

@article{Hautmann:2002ff,
      author         = "Hautmann, Francesco",
      title          = "{Diffractive jet production in lepton hadron collisions}",
      journal        = "JHEP",
      volume         = "10",
      year           = "2002",
      pages          = "025",
      doi            = "10.1088/1126-6708/2002/10/025",
      eprint         = "hep-ph/0209320",
      archivePrefix  = "arXiv",
      primaryClass   = "hep-ph",
      SLACcitation   = "%%CITATION = HEP-PH/0209320;%%"
}

@article{Klasen:1997jm,
      author         = "Klasen, M. and Kramer, G. and Potter, B.",
      title          = "{Inclusive jet production with virtual photons in
                        next-to-leading order QCD}",
      journal        = "Eur. Phys. J.",
      volume         = "C1",
      year           = "1998",
      pages          = "261",
      doi            = "10.1007/BF01245816",
      eprint         = "hep-ph/9703302",
      archivePrefix  = "arXiv",
      primaryClass   = "hep-ph",
      reportNumber   = "DESY-97-039",
      SLACcitation   = "%%CITATION = HEP-PH/9703302;%%"
}

@article{Catani:1996vz,
      author         = "Catani, S. and Seymour, M. H.",
      title          = "{A General algorithm for calculating jet cross-sections
                        in NLO QCD}",
      journal        = "Nucl. Phys.",
      volume         = "B485",
      year           = "1997",
      pages          = "291",
      doi            = "10.1016/S0550-3213(96)00589-5,
                        10.1016/S0550-3213(98)81022-5",
      note           = "[Erratum: Nucl. Phys.B510,503(1998)]",
      eprint         = "hep-ph/9605323",
      archivePrefix  = "arXiv",
      primaryClass   = "hep-ph",
      reportNumber   = "CERN-TH-96-029, CERN-TH-96-29",
      SLACcitation   = "%%CITATION = HEP-PH/9605323;%%"
}


@article{Hautmann:1999ui,
      author         = "Hautmann, F. and Kunszt, Z. and Soper, D. E.",
      title          = "{Hard scattering factorization and light cone Hamiltonian
                        approach to diffractive processes}",
      journal        = "Nucl. Phys.",
      volume         = "B563",
      year           = "1999",
      pages          = "153",
      doi            = "10.1016/S0550-3213(99)00568-4",
      eprint         = "hep-ph/9906284",
      archivePrefix  = "arXiv",
      primaryClass   = "hep-ph",
      reportNumber   = "CERN-TH-99-154, ETH-TH-99-09, PSU-TH-207",
      SLACcitation   = "%%CITATION = HEP-PH/9906284;%%"
}
