% \bibitem{GraudenzThesis} D. Graudenz, \emph{Der Drei-Jet-Wirkungsquerschnitt zur Ordnung alpha(s)**2 in der tief-inelastischen Elektron-Proton-Streuung}, Dissertation, Universit\"at Hamburg, DESY T-90-01, 1990.
%\bibitem{Graudenz} D. Graudenz, \PLB {\bf B256} (1991) 518.

@article{Potter:1999gg,
      author         = "Potter, B.",
      title          = "{JetViP 2.1: The hbook version}",
      journal        = "Comput. Phys. Commun.",
      volume         = "133",
      year           = "2000",
      pages          = "105-118",
      doi            = "10.1016/S0010-4655(00)00158-2",
      eprint         = "hep-ph/9911221",
      archivePrefix  = "arXiv",
      primaryClass   = "hep-ph",
      reportNumber   = "MPI-PHT-99-54, MPI-PHT-99-054",
      SLACcitation   = "%%CITATION = HEP-PH/9911221;%%"
}

@article{Klasen:2013cba,
      author         = "Klasen, M. and Kramer, G. and Michael, M.",
      title          = "{Next-to-next-to-leading order contributions to jet
                        photoproduction and determination of $\alpha_s$}",
      journal        = "Phys. Rev.",
      volume         = "D89",
      year           = "2014",
      number         = "7",
      pages          = "074032",
      doi            = "10.1103/PhysRevD.89.074032",
      eprint         = "1310.1724",
      archivePrefix  = "arXiv",
      primaryClass   = "hep-ph",
      reportNumber   = "DESY-13-182, MS-TP-13-34",
      SLACcitation   = "%%CITATION = ARXIV:1310.1724;%%"
}

@inproceedings{Bertone:2017gds,
      author         = "Bertone, Valerio",
      title          = "{APFEL++: A new PDF evolution library in C++}",
      booktitle      = "{25th International Workshop on Deep Inelastic Scattering
                        and Related Topics (DIS 2017) Birmingham, UK, April 3-7,
                        2017}",
      url            = "https://inspirehep.net/record/1614327/files/arXiv:1708.00911.pdf",
      year           = "2017",
      eprint         = "1708.00911",
      archivePrefix  = "arXiv",
      primaryClass   = "hep-ph",
      SLACcitation   = "%%CITATION = ARXIV:1708.00911;%%"
}


@article{Abt:1996hi,
      author         = "Abt, I. and others",
      title          = "{The H1 detector at HERA}",
      collaboration  = "H1",
      journal        = "Nucl. Instrum. Meth.",
      volume         = "A386",
      year           = "1997",
      pages          = "310",
      doi            = "10.1016/S0168-9002(96)00893-5",
      reportNumber   = "SLAC-REPRINT-1996-078",
      SLACcitation   = "%%CITATION = NUIMA,A386,310;%%"
}


@article{Abt:1996xv,
      author         = "Abt, I. and others",
      title          = "{The Tracking, calorimeter and muon detectors of the H1
                        experiment at HERA}",
      collaboration  = "H1",
      journal        = "Nucl. Instrum. Meth.",
      volume         = "A386",
      year           = "1997",
      pages          = "348",
      doi            = "10.1016/S0168-9002(96)00894-7",
      reportNumber   = "SLAC-REPRINT-1996-034",
      SLACcitation   = "%%CITATION = NUIMA,A386,348;%%"
}


@article{Appuhn:1996na,
      author         = "Appuhn, R. D. and others",
      title          = "{The H1 lead / scintillating fiber calorimeter}",
      collaboration  = "H1 SPACAL Group",
      journal        = "Nucl. Instrum. Meth.",
      volume         = "A386",
      year           = "1997",
      pages          = "397",
      doi            = "10.1016/S0168-9002(96)01171-0",
      reportNumber   = "DESY-96-171",
      SLACcitation   = "%%CITATION = NUIMA,A386,397;%%"
}


@article{Andrieu:1993kh,
      author         = "Andrieu, B. and others",
      title          = "{The H1 liquid argon calorimeter system}",
      collaboration  = "H1 Calorimeter Group",
      journal        = "Nucl. Instrum. Meth.",
      volume         = "A336",
      year           = "1993",
      pages          = "460",
      doi            = "10.1016/0168-9002(93)91257-N",
      reportNumber   = "DESY-93-078",
      SLACcitation   = "%%CITATION = NUIMA,A336,460;%%"
}

@article{Graudenz:1990vk,
      author         = "Graudenz, Dirk",
      title          = "{Three jet production in deep inelastic electron - proton
                        scattering to order alpha-s**2}",
      journal        = "Phys. Lett.",
      volume         = "B256",
      year           = "1991",
      pages          = "518",
      doi            = "10.1016/0370-2693(91)91801-2",
      reportNumber   = "DESY-90-095",
      SLACcitation   = "%%CITATION = PHLTA,B256,518;%%"
}

@phdthesis{Graudenz:1990ej,
      author         = "Graudenz, Dirk",
      title          = "{The three jet cross-section at order alpha-s**2 in deep
                        inelastic electron - proton scattering}",
      school         = "Universit{\"a}t Hamburg",
      address = "Hamburg, Germany",
      year           = "1990",
      reportNumber   = "DESY-T-90-01",
      note = "DESY-T-90-01",
      SLACcitation   = "%%CITATION = DESY-T-90-01;%%"
}

@phdthesis{GraudenzThesis,
   author = "Graudenz, D.",
   title = "Der Drei-Jet-Wirkungsquerschnitt zur Ordnung alpha(s)**2 in der tief-inelastischen Elektron-Proton-Streuung",
   school = "Universit{\"a}t Hamburg",
   year = "1990",
   eprint = "",
   address = "Hamburg, Germany",
   reportNumber = "DESY-T-90-01",
   note = "DESY-T-90-01" 
}

@article{Householder:1958:UTN:320941.320947,
 author = {Householder, Alston S.},
 title = {Unitary Triangularization of a Nonsymmetric Matrix},
 journal = {J. ACM},
 issue_date = {Oct. 1958},
 volume = {5},
 number = {4},
 month = oct,
 year = {1958},
 issn = {0004-5411},
 pages = {339},
 numpages = {4},
 url = {http://doi.acm.org/10.1145/320941.320947},
 doi = {10.1145/320941.320947},
 acmid = {320947},
 publisher = {ACM},
 address = {New York, NY, USA},
} 

@article{Ahmed:1994ib,
      author         = "Ahmed, T. and others",
      title          = "{Determination of the strong coupling constant from jet
                        rates in deep inelastic scattering}",
      collaboration  = "H1",
      journal        = "Phys. Lett.",
      volume         = "B346",
      year           = "1995",
      pages          = "415",
      doi            = "10.1016/0370-2693(95)00095-3",
      reportNumber   = "DESY-94-220",
      SLACcitation   = "%%CITATION = PHLTA,B346,415;%%"
}

@article{Adloff:1998ss,
      author         = "Adloff, C. and others",
      title          = "{Differential (2+1) jet event rates and determination of
                        alpha(s) in deep inelastic scattering at HERA}",
      collaboration  = "H1",
      journal        = "Eur. Phys. J.",
      volume         = "C5",
      year           = "1998",
      pages          = "625",
      doi            = "10.1007/s100529800988",
      eprint         = "hep-ex/9806028",
      archivePrefix  = "arXiv",
      primaryClass   = "hep-ex",
      reportNumber   = "DESY-98-075",
      SLACcitation   = "%%CITATION = HEP-EX/9806028;%%"
}

@article{Adloff:1998st,
      author         = "Adloff, C. and others",
      title          = "{Dijet event rates in deep inelastic scattering at HERA}",
      collaboration  = "H1",
      journal        = "Eur. Phys. J.",
      volume         = "C13",
      year           = "2000",
      pages          = "415",
      doi            = "10.1007/s100520050705",
      eprint         = "hep-ex/9806029",
      archivePrefix  = "arXiv",
      primaryClass   = "hep-ex",
      reportNumber   = "DESY-98-076",
      SLACcitation   = "%%CITATION = HEP-EX/9806029;%%"
}
@article{Adloff:1998kh,
      author         = "Adloff, C. and others",
      title          = "{Multijet event rates in deep inelastic scattering and
                        determination of the strong coupling constant}",
      collaboration  = "H1",
      journal        = "Eur. Phys. J.",
      volume         = "C6",
      year           = "1999",
      pages          = "575",
      doi            = "10.1007/s100529901014",
      eprint         = "hep-ex/9807019",
      archivePrefix  = "arXiv",
      primaryClass   = "hep-ex",
      reportNumber   = "DESY-98-087",
      SLACcitation   = "%%CITATION = HEP-EX/9807019;%%"
}

@article{Andreev:2016tgi,
      author         = "Andreev, Vladimir and others",
      title          = "{Measurement of Jet Production Cross Sections in
                        Deep-inelastic ep Scattering at HERA}",
      collaboration  = "H1",
      journal        = "Eur. Phys. J.",
      volume         = "C77",
      year           = "2017",
      number         = "4",
      pages          = "215",
      doi            = "10.1140/epjc/s10052-017-4717-9",
      eprint         = "1611.03421",
      archivePrefix  = "arXiv",
      primaryClass   = "hep-ex",
      reportNumber   = "DESY-16-200",
      SLACcitation   = "%%CITATION = ARXIV:1611.03421;%%"
}

@article{Andreev:2014wwa,
      author         = "Andreev, V. and others",
      title          = "{Measurement of multijet production in $ep$ collisions at
                        high $Q^2$ and determination of the strong coupling
                        $\alpha _s$}",
      collaboration  = "H1",
      journal        = "Eur. Phys. J.",
      volume         = "C75",
      year           = "2015",
      number         = "2",
      pages          = "65",
      doi            = "10.1140/epjc/s10052-014-3223-6",
      eprint         = "1406.4709",
      archivePrefix  = "arXiv",
      primaryClass   = "hep-ex",
      reportNumber   = "DESY-14-089",
      SLACcitation   = "%%CITATION = ARXIV:1406.4709;%%"
}

@article{Aaron:2010ac,
      author         = "Aaron, F. D. and others",
      title          = "{Jet Production in ep Collisions at Low Q**2 and
                        Determination of alpha(s)}",
      collaboration  = "H1",
      journal        = "Eur. Phys. J.",
      volume         = "C67",
      year           = "2010",
      pages          = "1",
      doi            = "10.1140/epjc/s10052-010-1282-x",
      eprint         = "0911.5678",
      archivePrefix  = "arXiv",
      primaryClass   = "hep-ex",
      reportNumber   = "DESY-09-162",
      SLACcitation   = "%%CITATION = ARXIV:0911.5678;%%"
}

% maxime high-Q2: superseeded by Roman/Daniel high-Q2
@article{Aaron:2009vs,
      author         = "Aaron, F. D. and others",
      title          = "{Jet Production in ep Collisions at High Q**2 and
                        Determination of alpha(s)}",
      collaboration  = "H1",
      journal        = "Eur. Phys. J.",
      volume         = "C65",
      year           = "2010",
      pages          = "363",
      doi            = "10.1140/epjc/s10052-009-1208-7",
      eprint         = "0904.3870",
      archivePrefix  = "arXiv",
      primaryClass   = "hep-ex",
      reportNumber   = "DESY-09-032, DESY09-032",
      SLACcitation   = "%%CITATION = ARXIV:0904.3870;%%"
}

@article{Aktas:2007aa,
      author         = "Aktas, A. and others",
      title          = "{Measurement of inclusive jet production in
                        deep-inelastic scattering at high Q**2 and determination
                        of the strong coupling}",
      collaboration  = "H1",
      journal        = "Phys. Lett.",
      volume         = "B653",
      year           = "2007",
      pages          = "134",
      doi            = "10.1016/j.physletb.2007.07.050",
      eprint         = "0706.3722",
      archivePrefix  = "arXiv",
      primaryClass   = "hep-ex",
      reportNumber   = "DESY-07-073",
      SLACcitation   = "%%CITATION = ARXIV:0706.3722;%%"
}

@article{Aktas:2004px,
      author         = "Aktas, A. and others",
      title          = "{Measurement of dijet production at low Q**2 at HERA}",
      collaboration  = "H1",
      journal        = "Eur. Phys. J.",
      volume         = "C37",
      year           = "2004",
      pages          = "141",
      doi            = "10.1140/epjc/s2004-01989-7",
      eprint         = "hep-ex/0401010",
      archivePrefix  = "arXiv",
      primaryClass   = "hep-ex",
      reportNumber   = "DESY-03-206",
      SLACcitation   = "%%CITATION = HEP-EX/0401010;%%"
}
@article{Adloff:1998vc,
      author         = "Adloff, C. and others",
      title          = "{Measurement of dijet cross-sections at low Q**2 and the
                        extraction of an effective parton density for the virtual
                        photon}",
      collaboration  = "H1",
      journal        = "Eur. Phys. J.",
      volume         = "C13",
      year           = "2000",
      pages          = "397",
      doi            = "10.1007/s100520050704",
      eprint         = "hep-ex/9812024",
      archivePrefix  = "arXiv",
      primaryClass   = "hep-ex",
      reportNumber   = "DESY-98-205",
      SLACcitation   = "%%CITATION = HEP-EX/9812024;%%"
}


@article{Adloff:2000tq,
      author         = "Adloff, C. and others",
      title          = "{Measurement and QCD analysis of jet cross-sections in
                        deep inelastic positron - proton collisions at s**(1/2) of
                        300-GeV}",
      collaboration  = "H1",
      journal        = "Eur. Phys. J.",
      volume         = "C19",
      year           = "2001",
      pages          = "289",
      doi            = "10.1007/s100520100621",
      eprint         = "hep-ex/0010054",
      archivePrefix  = "arXiv",
      primaryClass   = "hep-ex",
      reportNumber   = "DESY-00-145",
      SLACcitation   = "%%CITATION = HEP-EX/0010054;%%"
}

@article{Currie:2016ytq,
      author         = "Currie, James and Gehrmann, Thomas and Niehues, Jan",
      title          = "{Precise QCD predictions for the production of dijet
                        final states in deep inelastic scattering}",
      journal        = "Phys. Rev. Lett.",
      volume         = "117",
      year           = "2016",
      number         = "4",
      pages          = "042001",
      doi            = "10.1103/PhysRevLett.117.042001",
      eprint         = "1606.03991",
      archivePrefix  = "arXiv",
      primaryClass   = "hep-ph",
      SLACcitation   = "%%CITATION = ARXIV:1606.03991;%%"
}

@article{Currie:2017tpe,
      author         = "Currie, James and Gehrmann, Thomas and Huss, Alexander
                        and Niehues, Jan",
      title          = "{NNLO QCD corrections to jet production in deep inelastic
                        scattering}",
      journal        = "JHEP",
      volume         = "1707",
      year           = "2017",
      pages          = "018",
      doi            = "10.1007/JHEP07(2017)018",
      eprint         = "1703.05977",
      archivePrefix  = "arXiv",
      primaryClass   = "hep-ph",
      SLACcitation   = "%%CITATION = ARXIV:1703.05977;%%"
}

%% kt-algo
@article{Ellis:1993tq,
      author         = "Ellis, Stephen D. and Soper, Davison E.",
      title          = "{Successive combination jet algorithm for hadron
                        collisions}",
      journal        = "Phys. Rev.",
      volume         = "D48",
      year           = "1993",
      pages          = "3160",
      doi            = "10.1103/PhysRevD.48.3160",
      eprint         = "hep-ph/9305266",
      archivePrefix  = "arXiv",
      primaryClass   = "hep-ph",
      reportNumber   = "CERN-TH-6860-93",
      SLACcitation   = "%%CITATION = HEP-PH/9305266;%%"
}

%% APFEL
@article{Bertone:2013vaa,
      author         = "Bertone, Valerio and Carrazza, Stefano and Rojo, Juan",
      title          = "{APFEL: A PDF Evolution Library with QED corrections}",
      journal        = "Comput. Phys. Commun.",
      volume         = "185",
      year           = "2014",
      pages          = "1647",
      doi            = "10.1016/j.cpc.2014.03.007",
      eprint         = "1310.1394",
      archivePrefix  = "arXiv",
      primaryClass   = "hep-ph",
      reportNumber   = "IFUM-1015-FT, CERN-PH-TH-2013-209",
      SLACcitation   = "%%CITATION = ARXIV:1310.1394;%%"
}

% aleph alpha_s
@article{Dissertori:2007xa,
      author         = "Dissertori, G. and Gehrmann-De Ridder, A. and Gehrmann,
                        T. and Glover, E. W. N. and Heinrich, G. and Stenzel, H.",
      title          = "{First determination of the strong coupling constant
                        using NNLO predictions for hadronic event shapes in e+ e-
                        annihilations}",
      journal        = "JHEP",
      volume         = "0802",
      year           = "2008",
      pages          = "040",
      doi            = "10.1088/1126-6708/2008/02/040",
      eprint         = "0712.0327",
      archivePrefix  = "arXiv",
      primaryClass   = "hep-ph",
      reportNumber   = "ZU-TH-28-07, IPPP-07-91, EDINBURGH-2007-48,
                        ETHZ-IPP-RP-2007-04",
      SLACcitation   = "%%CITATION = ARXIV:0712.0327;%%"
}

% JADE alpha_s (4-jet rate
@article{Schieck:2006tc,
      author         = "Schieck, J. and Bethke, S. and Biebel, O. and Kluth, S.
                        and Movilla Fernandez, P. A. and Pahl, C.",
      title          = "{Measurement of the strong coupling alpha(s) from the
                        four-jet rate in e+ e- annihilation using JADE data}",
      collaboration  = "JADE",
      journal        = "Eur. Phys. J.",
      volume         = "C48",
      year           = "2006",
      pages          = "3",
      doi            = "10.1140/epjc/s10052-007-0226-6,
                        10.1140/epjc/s2006-02625-4",
      note           = "[Erratum: {\it Eur. Phys. J.}~C50~(2007)~769]",
      eprint         = "0707.0392",
      archivePrefix  = "arXiv",
      primaryClass   = "hep-ex",
      reportNumber   = "MPP-2006-161",
      SLACcitation   = "%%CITATION = ARXIV:0707.0392;%%"
}

% OPAL alpha_s
@article{OPAL:2011aa,
      author         = "Abbiendi, G. and others",
      title          = "{Determination of $alpha_s$ using OPAL hadronic event
                        shapes at $\sqrt{s}=91$ - 209 GeV and resummed NNLO
                        calculations}",
      collaboration  = "OPAL",
      journal        = "Eur. Phys. J.",
      volume         = "C71",
      year           = "2011",
      pages          = "1733",
      doi            = "10.1140/epjc/s10052-011-1733-z",
      eprint         = "1101.1470",
      archivePrefix  = "arXiv",
      primaryClass   = "hep-ex",
      reportNumber   = "CERN-PH-EP-2010-089",
      SLACcitation   = "%%CITATION = ARXIV:1101.1470;%%"
}

@article{Aktas:2005tz,
      author         = "Aktas, A. and others",
      title          = "{Measurement of event shape variables in deep-inelastic
                        scattering at HERA}",
      collaboration  = "H1",
      journal        = "Eur. Phys. J.",
      volume         = "C46",
      year           = "2006",
      pages          = "343",
      doi            = "10.1140/epjc/s2006-02493-x",
      eprint         = "hep-ex/0512014",
      archivePrefix  = "arXiv",
      primaryClass   = "hep-ex",
      reportNumber   = "DESY-05-225",
      SLACcitation   = "%%CITATION = HEP-EX/0512014;%%"
}

% lumi erratum
@article{Aaron:2012kn,
      author         = "Aaron, F. D. and others",
      title          = "{Determination of the Integrated Luminosity at HERA using
                        Elastic QED Compton Events}",
      collaboration  = "H1",
      journal        = "Eur. Phys. J.",
      volume         = "C72",
      year           = "2012",
      pages          = "2163",
      doi            = "10.1140/epjc/s10052-014-2733-6,
                        10.1140/epjc/s10052-012-2163-2",
      note           = "[Erratum: Eur. Phys. J.C74,2733(2012)]",
      eprint         = "1205.2448",
      archivePrefix  = "arXiv",
      primaryClass   = "hep-ex",
      reportNumber   = "DESY-12-062",
      SLACcitation   = "%%CITATION = ARXIV:1205.2448;%%"
}

% LHAPDF
@article{Buckley:2014ana,
      author         = "Buckley, Andy and Ferrando, James and Lloyd, Stephen and
                        Nordström, Karl and Page, Ben and Rüfenacht, Martin and
                        Schönherr, Marek and Watt, Graeme",
      title          = "{LHAPDF6: parton density access in the LHC precision
                        era}",
      journal        = "Eur. Phys. J.",
      volume         = "C75",
      year           = "2015",
      pages          = "132",
      doi            = "10.1140/epjc/s10052-015-3318-8",
      eprint         = "1412.7420",
      archivePrefix  = "arXiv",
      primaryClass   = "hep-ph",
      reportNumber   = "GLAS-PPE-2014-05, MCNET-14-29, IPPP-14-111, DCPT-14-222",
      SLACcitation   = "%%CITATION = ARXIV:1412.7420;%%"
}

% NNLOJET
@article{Ridder:2016nkl,
      author         = "Gehrmann-De Ridder, Aude and Gehrmann, T. and Glover, E.
                        W. N. and Huss, A. and Morgan, T. A.",
      title          = "{The NNLO QCD corrections to Z boson production at large
                        transverse momentum}",
      journal        = "JHEP",
      volume         = "1607",
      year           = "2016",
      pages          = "133",
      doi            = "10.1007/JHEP07(2016)133",
      eprCarli:2010rwint         = "1605.04295",
      archivePrefix  = "arXiv",
      primaryClass   = "hep-ph",
      reportNumber   = "IPPP-16-39, NSF-KITP-16-067, ZU-TH-18-16",
      SLACcitation   = "%%CITATION = ARXIV:1605.04295;%%"
}

%APPLgrid
@article{Carli:2010rw,
      author         = "Carli, Tancredi and Clements, Dan and Cooper-Sarkar,
                        Amanda and Gwenlan, Claire and Salam, Gavin P. and
                        Siegert, Frank and Starovoitov, Pavel and Sutton, Mark",
      title          = "{A posteriori inclusion of parton density functions in
                        NLO QCD final-state calculations at hadron colliders: The
                        APPLGRID Project}",
      journal        = "Eur. Phys. J.",
      volume         = "C66",
      year           = "2010",
      pages          = "503",
      doi            = "10.1140/epjc/s10052-010-1255-0",
      eprint         = "0911.2985",
      archivePrefix  = "arXiv",
      primaryClass   = "hep-ph",
      SLACcitation   = "%%CITATION = ARXIV:0911.2985;%%"
}


% fastNLO
%      url            = "http://inspirehep.net/record/1128033/files/arXiv:1208.3641.pdf",
@inproceedings{Britzger:2012bs,
      author         = "Britzger, Daniel and Rabbertz, Klaus and Stober, Fred and
                        Wobisch, Markus",
      title          = "{New features in version 2 of the fastNLO project}",
      booktitle      = "{Proceedings, 20th International Workshop on
                        Deep-Inelastic Scattering and Related Subjects (DIS 2012):
                        Bonn, Germany, March 26-30, 2012}",
      year           = "2012",
      pages          = "217",
      doi            = "10.3204/DESY-PROC-2012-02/165",
      eprint         = "1208.3641",
      archivePrefix  = "arXiv",
      primaryClass   = "hep-ph",
      SLACcitation   = "%%CITATION = ARXIV:1208.3641;%%"
}

%CRunDec
@article{Schmidt:2012az,
      author         = "Schmidt, Barbara and Steinhauser, Matthias",
      title          = "{CRunDec: a C++ package for running and decoupling of the
                        strong coupling and quark masses}",
      journal        = "Comput. Phys. Commun.",
      volume         = "183",
      year           = "2012",
      pages          = "1845",
      doi            = "10.1016/j.cpc.2012.03.023",
      eprint         = "1201.6149",
      archivePrefix  = "arXiv",
      primaryClass   = "hep-ph",
      reportNumber   = "SFB-CPP-12-03, TTP12-02",
      SLACcitation   = "%%CITATION = ARXIV:1201.6149;%%"
}

@article{Chetyrkin:2000yt,
      author         = "Chetyrkin, K. G. and Kuhn, Johann H. and Steinhauser, M.",
      title          = "{RunDec: A Mathematica package for running and decoupling
                        of the strong coupling and quark masses}",
      journal        = "Comput. Phys. Commun.",
      volume         = "133",
      year           = "2000",
      pages          = "43",
      doi            = "10.1016/S0010-4655(00)00155-7",
      eprint         = "hep-ph/0004189",
      archivePrefix  = "arXiv",
      primaryClass   = "hep-ph",
      reportNumber   = "DESY-00-034, TTP-00-05",
      SLACcitation   = "%%CITATION = HEP-PH/0004189;%%"
}

% ROOT
@article{Antcheva:2009zz,
      author         = "Antcheva, I. and others",
      title          = "{ROOT: A C++ framework for petabyte data storage,
                        statistical analysis and visualization}",
      journal        = "Comput. Phys. Commun.",
      volume         = "180",
      year           = "2009",
      pages          = "2499",
      doi            = "10.1016/j.cpc.2009.08.005",
      eprint         = "1508.07749",
      archivePrefix  = "arXiv",
      primaryClass   = "physics.data-an",
      reportNumber   = "FERMILAB-PUB-09-661-CD",
      SLACcitation   = "%%CITATION = ARXIV:1508.07749;%%"
}

%Minuit
@article{James:1975dr,
      author         = "James, F. and Roos, M.",
      title          = "{Minuit: A System for Function Minimization and Analysis
                        of the Parameter Errors and Correlations}",
      journal        = "Comput. Phys. Commun.",
      volume         = "10",
      year           = "1975",
      pages          = "343",
      doi            = "10.1016/0010-4655(75)90039-9",
      reportNumber   = "CERN-DD-75-20",
      SLACcitation   = "%%CITATION = CPHCB,10,343;%%"
}

%% ABMP
@article{Alekhin:2017kpj,
      author         = {Alekhin, S. and Bl\"umlein, J. and Moch, S. and Placakyte,
                        R.},
      title          = "{Parton Distribution Functions, $\alpha_s$ and
                        Heavy-Quark Masses for LHC Run II}",
      year           = "2017",
      eprint         = "1701.05838",
      archivePrefix  = "arXiv",
      primaryClass   = "hep-ph",
      reportNumber   = "DESY-16-179, DO-TH-16-13",
      SLACcitation   = "%%CITATION = ARXIV:1701.05838;%%"
}

%% BBP
@article{Blumlein:2006be,
      author         = {Bl\"umlein, Johannes and B\"ottcher, Helmut and Guffanti,
                        Alberto},
      title          = "{Non-singlet QCD analysis of deep inelastic world data at
                        O(alpha(s)**3)}",
      journal        = "Nucl. Phys.",
      volume         = "B774",
      year           = "2007",
      pages          = "182",
      doi            = "10.1016/j.nuclphysb.2007.03.035",
      eprint         = "hep-ph/0607200",
      archivePrefix  = "arXiv",
      primaryClass   = "hep-ph",
      reportNumber   = "DESY-05-012, SFB-CPP-06-33",
      SLACcitation   = "%%CITATION = HEP-PH/0607200;%%"
}

%% CT14
@article{Dulat:2015mca,
      author         = "Dulat, Sayipjamal and Hou, Tie-Jiun and Gao, Jun and
                        Guzzi, Marco and Huston, Joey and Nadolsky, Pavel and
                        Pumplin, Jon and Schmidt, Carl and Stump, Daniel and Yuan,
                        C. P.",
      title          = "{New parton distribution functions from a global analysis
                        of quantum chromodynamics}",
      journal        = "Phys. Rev.",
      volume         = "D93",
      year           = "2016",
      number         = "3",
      pages          = "033006",
      doi            = "10.1103/PhysRevD.93.033006",
      eprint         = "1506.07443",
      archivePrefix  = "arXiv",
      primaryClass   = "hep-ph",
      SLACcitation   = "%%CITATION = ARXIV:1506.07443;%%"
}

%% HERA2.0 HERAPDF2.0
@article{Abramowicz:2015mha,
      author         = "Abramowicz, H. and others",
      title          = "{Combination of measurements of inclusive deep inelastic
                        ${e^{\pm }p}$ scattering cross sections and QCD analysis
                        of HERA data}",
      collaboration  = "H1 and ZEUS",
      journal        = "Eur. Phys. J.",
      volume         = "C75",
      year           = "2015",
      number         = "12",
      pages          = "580",
      doi            = "10.1140/epjc/s10052-015-3710-4",
      eprint         = "1506.06042",
      archivePrefix  = "arXiv",
      primaryClass   = "hep-ex",
      reportNumber   = "DESY-15-039",
      SLACcitation   = "%%CITATION = ARXIV:1506.06042;%%"
}

%%ABM
@article{Alekhin:2012ig,
      author         = {Alekhin, S. and Bl\"umlein, J. and Moch, S.},
      title          = "{Parton Distribution Functions and Benchmark Cross
                        Sections at NNLO}",
      journal        = "Phys. Rev.",
      volume         = "D86",
      year           = "2012",
      pages          = "054009",
      doi            = "10.1103/PhysRevD.86.054009",
      eprint         = "1202.2281",
      archivePrefix  = "arXiv",
      primaryClass   = "hep-ph",
      reportNumber   = "DESY-12-023, DO-TH-11-31, LPN-12-033, SFB-CPP-12-08",
      SLACcitation   = "%%CITATION = ARXIV:1202.2281;%%"
}


%% MMHT
@article{Harland-Lang:2014zoa,
      author         = "Harland-Lang, L. A. and Martin, A. D. and Motylinski, P.
                        and Thorne, R. S.",
      title          = "{Parton distributions in the LHC era: MMHT 2014 PDFs}",
      journal        = "Eur. Phys. J.",
      volume         = "C75",
      year           = "2015",
      number         = "5",
      pages          = "204",
      doi            = "10.1140/epjc/s10052-015-3397-6",
      eprint         = "1412.3989",
      archivePrefix  = "arXiv",
      primaryClass   = "hep-ph",
      reportNumber   = "LCTS-2014-47, IPPP-14-97, DCPT-14-194",
      SLACcitation   = "%%CITATION = ARXIV:1412.3989;%%"
}

%% NNPDF30
@article{Ball:2014uwa,
      author         = "Ball, Richard D. and others",
      title          = "{Parton distributions for the LHC Run II}",
      collaboration  = "NNPDF",
      journal        = "JHEP",
      volume         = "1504",
      year           = "2015",
      pages          = "040",
      doi            = "10.1007/JHEP04(2015)040",
      eprint         = "1410.8849",
      archivePrefix  = "arXiv",
      primaryClass   = "hep-ph",
      reportNumber   = "EDINBURGH-2014-15, IFUM-1034-FT, CERN-PH-TH-2013-253,
                        OUTP-14-11P, CAVENDISH-HEP-14-11",
      SLACcitation   = "%%CITATION = ARXIV:1410.8849;%%"
}


%% NNPDF (2.x) alpha_s
@article{Ball:2011us,
      author         = "Ball, Richard D. and Bertone, Valerio and Del Debbio,
                        Luigi and Forte, Stefano and Guffanti, Alberto and
                        Latorre, Jose I. and Lionetti, Simone and Rojo, Juan and
                        Ubiali, Maria",
      title          = "{Precision NNLO determination of alpha_s(M_Z) using an
                        unbiased global parton set}",
      journal        = "Phys. Lett.",
      volume         = "B707",
      year           = "2012",
      pages          = "66",
      doi            = "10.1016/j.physletb.2011.11.053",
      eprint         = "1110.2483",
      archivePrefix  = "arXiv",
      primaryClass   = "hep-ph",
      reportNumber   = "CERN-PH-TH-2011-225, EDINBURGH-2011-29,
                        FR-PHENO-2011-018, IFUM-985-FT, TTK-11-50, --IFUM-985-FT",
      SLACcitation   = "%%CITATION = ARXIV:1110.2483;%%"
}

%% JR alpha_s
@article{JimenezDelgado:2008hf,
      author         = "Jimenez-Delgado, P. and Reya, E.",
      title          = "{Dynamical NNLO parton distributions}",
      journal        = "Phys. Rev.",
      volume         = "D79",
      year           = "2009",
      pages          = "074023",
      doi            = "10.1103/PhysRevD.79.074023",
      eprint         = "0810.4274",
      archivePrefix  = "arXiv",
      primaryClass   = "hep-ph",
      reportNumber   = "DO-TH-0805, DOTH-0805",
      SLACcitation   = "%%CITATION = ARXIV:0810.4274;%%"
}

%% PDG 2016
@article{Olive:2016xmw,
      author         = "Patrignani, C. and others",
      title          = "{Review of Particle Physics}",
      collaboration  = "Particle Data Group",
      journal        = "Chin. Phys.",
      volume         = "C40",
      year           = "2016",
      number         = "10",
      pages          = "100001",
      doi            = "10.1088/1674-1137/40/10/100001",
      SLACcitation   = "%%CITATION = CHPHD,C40,100001;%%"
}


%% CMS ttbar alpha_s
@article{Chatrchyan:2013haa,
      author         = "Chatrchyan, Serguei and others",
      title          = "{Determination of the top-quark pole mass and strong
                        coupling constant from the t t-bar production cross
                        section in pp collisions at $\sqrt{s}$ = 7 TeV}",
      collaboration  = "CMS",
      journal        = "Phys. Lett.",
      volume         = "B728",
      year           = "2014",
      pages          = "496",
      doi            = "10.1016/j.physletb.2014.08.040,
                        10.1016/j.physletb.2013.12.009",
      note           = "[Erratum: Phys. Lett.B738,526(2014)]",
      eprint         = "1307.1907",
      archivePrefix  = "arXiv",
      primaryClass   = "hep-ex",
      reportNumber   = "CMS-TOP-12-022, CERN-PH-EP-2013-121",
      SLACcitation   = "%%CITATION = ARXIV:1307.1907;%%"
}

%% JADE 3-jet rate
@article{Schieck:2012mp,
      author         = "Schieck, Jochen and Bethke, Siegfried and Kluth, Stefan
                        and Pahl, Christoph and Trocsanyi, Zoltan",
      title          = "{Measurement of the strong coupling alpha_S from the
                        three-jet rate in e+e- - annihilation using JADE data}",
      collaboration  = "JADE",
      journal        = "Eur. Phys. J.",
      volume         = "C73",
      year           = "2013",
      number         = "3",
      pages          = "2332",
      doi            = "10.1140/epjc/s10052-013-2332-y",
      eprint         = "1205.3714",
      archivePrefix  = "arXiv",
      primaryClass   = "hep-ex",
      SLACcitation   = "%%CITATION = ARXIV:1205.3714;%%"
}

%% GFitter alpha_s
@article{Baak:2014ora,
      author         = "Baak, M. and others",
      title          = "{The global electroweak fit at NNLO and prospects for the
                        LHC and ILC}",
      collaboration  = "Gfitter",
      journal        = "Eur. Phys. J.",
      volume         = "C74",
      year           = "2014",
      pages          = "3046",
      doi            = "10.1140/epjc/s10052-014-3046-5",
      eprint         = "1407.3792",
      archivePrefix  = "arXiv",
      primaryClass   = "hep-ph",
      reportNumber   = "DESY-14-124",
      SLACcitation   = "%%CITATION = ARXIV:1407.3792;%%"
}

%% alpha_s world average 2016
@inproceedings{Bethke:2017uli,
      author         = "Bethke, S.",
      title          = "{alpha s 2016}",
      booktitle      = "{Proceedings, 19th International Conference in Quantum
                        Chromodynamics  (QCD 16): Montpellier, France, July 4–9,
                        2016}",
      year           = "2017",
      journal        = "Nucl. Part. Phys. Proc.",
      volume         = "282-284",
      pages          = "149",
      doi            = "10.1016/j.nuclphysbps.2016.12.028",
      SLACcitation   = "%%CITATION = INSPIRE-1518241;%%"
}


% EPRC
@article{Jegerlehner:2008rs,
      author         = "Jegerlehner, F.",
      title          = "{The Running fine structure constant alpha(E) via the
                        Adler function}",
      booktitle      = "{PHIPSI08, proceedings of the International Workshop on
                        e+e- Collisions from phi to psi, Frascati (Rome) Italy,
                        7-10 April 2008}",
      journal        = "Nucl. Phys. Proc. Suppl.",
      volume         = "181-182",
      year           = "2008",
      pages          = "135",
      doi            = "10.1016/j.nuclphysbps.2008.09.010",
      eprint         = "0807.4206",
      archivePrefix  = "arXiv",
      primaryClass   = "hep-ph",
      reportNumber   = "IFJPAN-IV-2008-3, HU-EP-08-22, DESY-08-078, DESY-08-078",
      SLACcitation   = "%%CITATION = ARXIV:0807.4206;%%"
}

% EPRC
@inproceedings{Spiesberger:1995pr,
      author         = "Spiesberger, H.",
      title          = "{EPRC: A program package for electroweak physics at
                        HERA}",
      booktitle      = "{Future physics with light and heavy nuclei at HERMES.
                        Contributions to the proceedings of the '95 - '96 Workshop
                        on Future Physics at HERA, working group on light and
                        heavy nuclei at HERA. Part 2}",
      year           = "1995",
      SLACcitation   = "%%CITATION = INSPIRE-409185;%%"
}

@article{Lai:2010nw,
      author         = "Lai, Hung-Liang and Huston, Joey and Li, Zhao and
                        Nadolsky, Pavel and Pumplin, Jon and Stump, Daniel and
                        Yuan, C. -P.",
      title          = "{Uncertainty induced by QCD coupling in the CTEQ global
                        analysis of parton distributions}",
      journal        = "Phys. Rev.",
      volume         = "D82",
      year           = "2010",
      pages          = "054021",
      doi            = "10.1103/PhysRevD.82.054021",
      eprint         = "1004.4624",
      archivePrefix  = "arXiv",
      primaryClass   = "hep-ph",
      reportNumber   = "MSUHEP-100421, SMU-HEP-10-07",
      SLACcitation   = "%%CITATION = ARXIV:1004.4624;%%"
}
@techreport{Botje:2011sn,
      author         = "Botje, Michiel and others",
      title          = "{The PDF4LHC Working Group Interim Recommendations}",
      year           = "2011",
      eprint         = "1101.0538",
      archivePrefix  = "arXiv",
      primaryClass   = "hep-ph",
      number         = "unpublished",
      SLACcitation   = "%%CITATION = ARXIV:1101.0538;%%"
}

% --- QCDNUM
@techreport{Botje:2016wbq,
      author         = "Botje, M.",
      title          = "{Erratum for the time-like evolution in QCDNUM}",
      year           = "2016",
      eprint         = "1602.08383",
      archivePrefix  = "arXiv",
      primaryClass   = "hep-ph",
      number         = "unpublished",
      SLACcitation   = "%%CITATION = ARXIV:1602.08383;%%"
}
@article{Botje:2010ay,
      author         = "Botje, M.",
      title          = "{QCDNUM: Fast QCD Evolution and Convolution}",
      journal        = "Comput. Phys. Commun.",
      volume         = "182",
      year           = "2011",
      pages          = "490",
      doi            = "10.1016/j.cpc.2010.10.020",
      eprint         = "1005.1481",
      archivePrefix  = "arXiv",
      primaryClass   = "hep-ph",
      reportNumber   = "NIKHEF-10-002",
      SLACcitation   = "%%CITATION = ARXIV:1005.1481;%%"
}


% -------------------------------------------------- %
% DGLAP
@article{Dokshitzer:1977sg,
      author         = "Dokshitzer, Yuri L.",
      title          = "{Calculation of the Structure Functions for Deep
                        Inelastic Scattering and e+ e- Annihilation by
                        Perturbation Theory in Quantum Chromodynamics.}",
      journal        = "Sov. Phys. JETP",
      volume         = "46",
      year           = "1977",
      pages          = "641",
      note           = "[Zh.~Eksp.~Teor.~Fiz.~73~(1977)~1216]",
      SLACcitation   = "%%CITATION = SPHJA,46,641;%%"
}
@article{Altarelli:1977zs,
      author         = "Altarelli, Guido and Parisi, G.",
      title          = "{Asymptotic Freedom in Parton Language}",
      journal        = "Nucl. Phys.",
      volume         = "B126",
      year           = "1977",
      pages          = "298",
      doi            = "10.1016/0550-3213(77)90384-4",
      reportNumber   = "LPTENS-77-6",
      SLACcitation   = "%%CITATION = NUPHA,B126,298;%%"
}
@article{Gribov:1972ri,
      author         = "Gribov, V. N. and Lipatov, L. N.",
      title          = "{Deep inelastic e p scattering in perturbation theory}",
      journal        = "Sov. J. Nucl. Phys.",
      volume         = "15",
      year           = "1972",
      pages          = "438",
      note           = "[Yad.~Fiz.~15~(1972)~781]",
      reportNumber   = "IPTI-381-71",
      SLACcitation   = "%%CITATION = SJNCA,15,438;%%"
}


% -------------------------------------------------- %
@article{Adloff:1999ah,
      author         = "Adloff, C. and others",
      title          = "{Measurement of neutral and charged current
                        cross-sections in positron proton collisions at large
                        momentum transfer}",
      collaboration  = "H1",
      journal        = "Eur. Phys. J.",
      volume         = "C13",
      year           = "2000",
      pages          = "609",
      doi            = "10.1007/s100520050721",
      eprint         = "hep-ex/9908059",
      archivePrefix  = "arXiv",
      primaryClass   = "hep-ex",
      reportNumber   = "DESY-99-107",
      SLACcitation   = "%%CITATION = HEP-EX/9908059;%%"
}

@article{Adloff:2000qk,
      author         = "Adloff, C. and others",
      title          = "{Deep inelastic inclusive e p scattering at low x and a
                        determination of alpha(s)}",
      collaboration  = "H1",
      journal        = "Eur. Phys. J.",
      volume         = "C21",
      year           = "2001",
      pages          = "33-61",
      doi            = "10.1007/s100520100720",
      eprint         = "hep-ex/0012053",
      archivePrefix  = "arXiv",
      primaryClass   = "hep-ex",
      reportNumber   = "DESY-00-181",
      SLACcitation   = "%%CITATION = HEP-EX/0012053;%%"
}

@article{Adloff:2000qj,
      author         = "Adloff, C. and others",
      title          = "{Measurement of neutral and charged current
                        cross-sections in electron - proton collisions at high
                        $Q^{2}$}",
      collaboration  = "H1",
      journal        = "Eur. Phys. J.",
      volume         = "C19",
      year           = "2001",
      pages          = "269",
      doi            = "10.1007/s100520100607",
      eprint         = "hep-ex/0012052",
      archivePrefix  = "arXiv",
      primaryClass   = "hep-ex",
      reportNumber   = "DESY-00-187",
      SLACcitation   = "%%CITATION = HEP-EX/0012052;%%"
}
@article{Adloff:2003uh,
      author         = "Adloff, C. and others",
      title          = "{Measurement and QCD analysis of neutral and charged
                        current cross-sections at HERA}",
      collaboration  = "H1",
      journal        = "Eur. Phys. J.",
      volume         = "C30",
      year           = "2003",
      pages          = "1",
      doi            = "10.1140/epjc/s2003-01257-6",
      eprint         = "hep-ex/0304003",
      archivePrefix  = "arXiv",
      primaryClass   = "hep-ex",
      reportNumber   = "DESY-03-038",
      SLACcitation   = "%%CITATION = HEP-EX/0304003;%%"
}


@article{Collaboration:2010ry,
      author         = "Aaron, F. D. and others",
      title          = "{Measurement of the Inclusive e{\pm}p Scattering Cross
                        Section at High Inelasticity y and of the Structure
                        Function $F_L$}",
      collaboration  = "H1",
      journal        = "Eur. Phys. J.",
      volume         = "C71",
      year           = "2011",
      pages          = "1579",
      doi            = "10.1140/epjc/s10052-011-1579-4",
      eprint         = "1012.4355",
      archivePrefix  = "arXiv",
      primaryClass   = "hep-ex",
      reportNumber   = "DESY-10-228",
      SLACcitation   = "%%CITATION = ARXIV:1012.4355;%%"
}
@article{Aaron:2012qi,
      author         = "Aaron, F. D. and others",
      title          = "{Inclusive Deep Inelastic Scattering at High $Q^2$ with
                        Longitudinally Polarised Lepton Beams at HERA}",
      collaboration  = "H1",
      journal        = "JHEP",
      volume         = "1209",
      year           = "2012",
      pages          = "061",
      doi            = "10.1007/JHEP09(2012)061",
      eprint         = "1206.7007",
      archivePrefix  = "arXiv",
      primaryClass   = "hep-ex",
      reportNumber   = "DESY-12-107",
      SLACcitation   = "%%CITATION = ARXIV:1206.7007;%%"
}

% -------------------------------------------------- %


@techreport{Klein:1564929,
      author        = "Klein, M and Radescu, V",
      title         = "{Partons from the LHeC}",
      month         = "Jul",
      year          = "2013",
      reportNumber  = "CERN-LHeC-Note-2013-002",
      number        = "CERN-LHeC-Note-2013-002",
      url           = "https://cds.cern.ch/record/1564929",
}

% -------------------------------------------------- %

@INBOOK{ISBN:9789971505653.ch1,
  chapter = {1},
  pages = {1},
  title = {Factorization of Hard Processes in {QCD}},
  publisher = {World Scientific Pub Co Inc},
  year = {1988},
  editor = {A. H. Mueller},
  author = {Collins, John C. and Soper, Davison E. and Sterman, George},
  volume = {5},
  series = {Advanced Series on Directions in High Energy Physics},
  archiveprefix = {arXiv},
  booktitle = {Perturbative Quantum Chromodynamics},
  doi = {10.1142/9789814503266_0001},
  eprint = {hep-ph/0409313},
  file = {arXiv v1:hep-ph_0409313_Collins_1989gxv1.pdf:PDF},
  isbn = {9789971505653},
  key = {Inspire: Collins:1989gx},
  owner = {rabbertz},
  primaryclass = {hep-ph},
  reportnumber = {ITP-SB-89-31},
  slaccitation = {%%CITATION = HEP-PH/0409313;%%},
  timestamp = {2016.03.13}
}

@BOOK{ISBN:9780521581899,
  title = {{QCD} and Collider Physics},
  publisher = {Cambridge University Press},
  year = {1996},
  author = {Ellis, Richard Keith and Stirling, William James and Webber, Bryan R.},
  series = {Cambridge Monographs on Particle Physics, Nuclear Physics and Cosmology},
  address = {Cambridge},
  doi = {10.1017/CBO9780511628788},
  file = {Published version:ISBN_9780521581899.djvu:djvu},
  isbn = {9780521581899},
  key = {Inspire: Ellis:1991qj; CDS key: Ellis:318585; Google Books Key: ellis2003qcd},
  owner = {rabbertz},
  review = {BibTeX from Cambridge Books Online: http://dx.doi.org/10.1017/CBO9780511628788},
  timestamp = {2015.03.25}
}



% -----------------------------------------
% diffr. dijets
@article{Aaron:2011mp,
      author         = "Aaron, F. D. and others",
      title          = "{Measurement of Dijet Production in Diffractive
                        Deep-Inelastic Scattering with a Leading Proton at HERA}",
      collaboration  = "H1",
      journal        = "Eur. Phys. J.",
      volume         = "C72",
      year           = "2012",
      pages          = "1970",
      doi            = "10.1140/epjc/s10052-012-1970-9",
      eprint         = "1111.0584",
      archivePrefix  = "arXiv",
      primaryClass   = "hep-ex",
      reportNumber   = "DESY-11-166",
      SLACcitation   = "%%CITATION = ARXIV:1111.0584;%%"
}

@article{Andreev:2015cwa,
      author         = "Andreev, V. and others",
      title          = "{Diffractive Dijet Production with a Leading Proton in
                        $ep$ Collisions at HERA}",
      collaboration  = "H1",
      journal        = "JHEP",
      volume         = "1505",
      year           = "2015",
      pages          = "056",
      doi            = "10.1007/JHEP05(2015)056",
      eprint         = "1502.01683",
      archivePrefix  = "arXiv",
      primaryClass   = "hep-ex",
      reportNumber   = "DESY-14-242",
      SLACcitation   = "%%CITATION = ARXIV:1502.01683;%%"
}
@article{Andreev:2014yra,
      author         = "Andreev, V. and others",
      title          = "{Measurement of Dijet Production in Diffractive
                        Deep-Inelastic ep Scattering at HERA}",
      collaboration  = "H1",
      journal        = "JHEP",
      volume         = "1503",
      year           = "2015",
      pages          = "092",
      doi            = "10.1007/JHEP03(2015)092",
      eprint         = "1412.0928",
      archivePrefix  = "arXiv",
      primaryClass   = "hep-ex",
      reportNumber   = "DESY-14-200",
      SLACcitation   = "%%CITATION = ARXIV:1412.0928;%%"
}

@article{Aktas:2007bv,
      author         = "Aktas, A. and others",
      title          = "{Dijet Cross Sections and Parton Densities in Diffractive
                        DIS at HERA}",
      collaboration  = "H1",
      journal        = "JHEP",
      volume         = "0710",
      year           = "2007",
      pages          = "042",
      doi            = "10.1088/1126-6708/2007/10/042",
      eprint         = "0708.3217",
      archivePrefix  = "arXiv",
      primaryClass   = "hep-ex",
      reportNumber   = "DESY-07-115",
      SLACcitation   = "%%CITATION = ARXIV:0708.3217;%%"
}
@article{Adloff:1998gg,
      author         = "Adloff, C. and others",
      title          = "{Diffractive dijet production at HERA}",
      collaboration  = "H1",
      journal        = "Eur. Phys. J.",
      volume         = "C6",
      year           = "1999",
      pages          = "421",
      doi            = "10.1007/s100529801046",
      eprint         = "hep-ex/9808013",
      archivePrefix  = "arXiv",
      primaryClass   = "hep-ex",
      reportNumber   = "DESY-98-092",
      SLACcitation   = "%%CITATION = HEP-EX/9808013;%%"
}


% ---- H1 low-Q2 early inclusive jets 820GeV
%
@article{Adloff:2002ew,
      author         = "Adloff, C. and others",
      title          = "{Measurement of inclusive jet cross-sections in deep
                        inelastic ep scattering at HERA}",
      collaboration  = "H1",
      journal        = "Phys. Lett.",
      volume         = "B542",
      year           = "2002",
      pages          = "193",
      doi            = "10.1016/S0370-2693(02)02375-4",
      eprint         = "hep-ex/0206029",
      archivePrefix  = "arXiv",
      primaryClass   = "hep-ex",
      reportNumber   = "DESY-02-079",
      SLACcitation   = "%%CITATION = HEP-EX/0206029;%%"
}

% ---- H1 dijets at low-x
%
@article{Aktas:2003ja,
      author         = "Aktas, A. and others",
      title          = "{Inclusive dijet production at low Bjorken x in deep
                        inelastic scattering}",
      collaboration  = "H1",
      journal        = "Eur. Phys. J.",
      volume         = "C33",
      year           = "2004",
      pages          = "477",
      doi            = "10.1140/epjc/s2004-01644-5",
      eprint         = "hep-ex/0310019",
      archivePrefix  = "arXiv",
      primaryClass   = "hep-ex",
      reportNumber   = "DESY-03-160",
      SLACcitation   = "%%CITATION = HEP-EX/0310019;%%"
}

%% ---- ZEUS jets
%%
@article{Abramowicz:2010ke,
      author         = "Abramowicz, H. and others",
      title          = "{Inclusive-jet cross sections in NC DIS at HERA and a
                        comparison of the kT, anti-kT and SIScone jet algorithms}",
      collaboration  = "ZEUS",
      journal        = "Phys. Lett.",
      volume         = "B691",
      year           = "2010",
      pages          = "127",
      doi            = "10.1016/j.physletb.2010.06.015",
      eprint         = "1003.2923",
      archivePrefix  = "arXiv",
      primaryClass   = "hep-ex",
      reportNumber   = "DESY-10-034",
      SLACcitation   = "%%CITATION = ARXIV:1003.2923;%%"
}
@article{Abramowicz:2010cka,
      author         = "Abramowicz, H. and others",
      title          = "{Inclusive dijet cross sections in neutral current deep
                        inelastic scattering at HERA}",
      collaboration  = "ZEUS",
      journal        = "Eur. Phys. J.",
      volume         = "C70",
      year           = "2010",
      pages          = "965",
      doi            = "10.1140/epjc/s10052-010-1504-2",
      eprint         = "1010.6167",
      archivePrefix  = "arXiv",
      primaryClass   = "hep-ex",
      reportNumber   = "DESY-10-170",
      SLACcitation   = "%%CITATION = ARXIV:1010.6167;%%"
}
@article{Chekanov:2006yc,
      author         = "Chekanov, S. and others",
      title          = "{Jet-radius dependence of inclusive-jet cross-sections in
                        deep inelastic scattering at HERA}",
      collaboration  = "ZEUS",
      journal        = "Phys. Lett.",
      volume         = "B649",
      year           = "2007",
      pages          = "12",
      doi            = "10.1016/j.physletb.2007.03.039",
      eprint         = "hep-ex/0701039",
      archivePrefix  = "arXiv",
      primaryClass   = "hep-ex",
      reportNumber   = "DESY-06-241",
      SLACcitation   = "%%CITATION = HEP-EX/0701039;%%"
}
@article{Chekanov:2006xr,
      author         = "Chekanov, S. and others",
      title          = "{Inclusive-jet and dijet cross-sections in deep inelastic
                        scattering at HERA}",
      collaboration  = "ZEUS",
      journal        = "Nucl. Phys.",
      volume         = "B765",
      year           = "2007",
      pages          = "1",
      doi            = "10.1016/j.nuclphysb.2006.09.018",
      eprint         = "hep-ex/0608048",
      archivePrefix  = "arXiv",
      primaryClass   = "hep-ex",
      reportNumber   = "DESY-06-128",
      SLACcitation   = "%%CITATION = HEP-EX/0608048;%%"
}
@article{Chekanov:2005nn,
      author         = "Chekanov, S. and others",
      title          = "{An NLO QCD analysis of inclusive cross-section and
                        jet-production data from the zeus experiment}",
      collaboration  = "ZEUS",
      journal        = "Eur. Phys. J.",
      volume         = "C42",
      year           = "2005",
      pages          = "1",
      doi            = "10.1140/epjc/s2005-02293-x",
      eprint         = "hep-ph/0503274",
      archivePrefix  = "arXiv",
      primaryClass   = "hep-ph",
      reportNumber   = "DESY-05-050",
      SLACcitation   = "%%CITATION = HEP-PH/0503274;%%"
}
@article{Chekanov:2002be,
      author         = "Chekanov, S. and others",
      title          = "{Inclusive jet cross-sections in the Breit frame in
                        neutral current deep inelastic scattering at HERA and
                        determination of alpha(s)}",
      collaboration  = "ZEUS",
      journal        = "Phys. Lett.",
      volume         = "B547",
      year           = "2002",
      pages          = "164",
      doi            = "10.1016/S0370-2693(02)02763-6",
      eprint         = "hep-ex/0208037",
      archivePrefix  = "arXiv",
      primaryClass   = "hep-ex",
      reportNumber   = "DESY-02-112",
      SLACcitation   = "%%CITATION = HEP-EX/0208037;%%"
}
@article{Breitweg:2000sv,
      author         = "Breitweg, J. and others",
      title          = "{The Q**2 dependence of dijet cross-sections in gamma p
                        interactions at HERA}",
      collaboration  = "ZEUS",
      journal        = "Phys. Lett.",
      volume         = "B479",
      year           = "2000",
      pages          = "37",
      doi            = "10.1016/S0370-2693(00)00311-7",
      eprint         = "hep-ex/0002010",
      archivePrefix  = "arXiv",
      primaryClass   = "hep-ex",
      reportNumber   = "DESY-00-017",
      SLACcitation   = "%%CITATION = HEP-EX/0002010;%%"
}
@article{Chekanov:2004hz,
      author         = "Chekanov, S. and others",
      title          = "{The Dependence of dijet production on photon virtuality
                        in ep collisions at HERA}",
      collaboration  = "ZEUS",
      journal        = "Eur. Phys. J.",
      volume         = "C35",
      year           = "2004",
      pages          = "487",
      doi            = "10.1140/epjc/s2004-01885-2",
      eprint         = "hep-ex/0404033",
      archivePrefix  = "arXiv",
      primaryClass   = "hep-ex",
      reportNumber   = "DESY-04-053",
      SLACcitation   = "%%CITATION = HEP-EX/0404033;%%"
}
@article{Chekanov:2001fw,
      author         = "Chekanov, S. and others",
      title          = "{Dijet production in neutral current deep inelastic
                        scattering at HERA}",
      collaboration  = "ZEUS",
      journal        = "Eur. Phys. J.",
      volume         = "C23",
      year           = "2002",
      pages          = "13",
      doi            = "10.1007/s100520100845",
      eprint         = "hep-ex/0109029",
      archivePrefix  = "arXiv",
      primaryClass   = "hep-ex",
      reportNumber   = "DESY-01-127",
      SLACcitation   = "%%CITATION = HEP-EX/0109029;%%"
}

% ---- ZEUS diffr. dijets
@article{Chekanov:2007aa,
      author         = "Chekanov, S. and others",
      title          = "{Dijet production in diffractive deep inelastic
                        scattering at HERA}",
      booktitle      = "{Proceedings, 15th International Workshop on
                        Deep-inelastic scattering and related subjects (DIS 2007).
                        Vol. 1 and 2: Munich, Germany, April 16-20, 2007}",
      collaboration  = "ZEUS",
      journal        = "Eur. Phys. J.",
      volume         = "C52",
      year           = "2007",
      pages          = "813",
      doi            = "10.1140/epjc/s10052-007-0426-0, 10.3204/proc07-01/112",
      eprint         = "0708.1415",
      archivePrefix  = "arXiv",
      primaryClass   = "hep-ex",
      reportNumber   = "DESY-07-126",
      SLACcitation   = "%%CITATION = ARXIV:0708.1415;%%"
}
%--------------
% jetvip
@article{Potter:1998jt,
      author         = "P{\"o}tter, B.",
      title          = "{JetViP 1.1: Calculating one- and two-jet cross sections
                        with virtual photons in NLO QCD}",
      journal        = "Comput. Phys. Commun.",
      volume         = "119",
      year           = "1999",
      pages          = "45",
      doi            = "10.1016/S0010-4655(99)00190-3",
      eprint         = "hep-ph/9806437",
      archivePrefix  = "arXiv",
      primaryClass   = "hep-ph",
      reportNumber   = "DESY-98-071",
      SLACcitation   = "%%CITATION = HEP-PH/9806437;%%"
}
@inproceedings{Potter:1998fw,
      author         = "P{\"o}tter, B.",
      title          = "{Transition from photoproduction to deep inelastic
                        scattering in jet production at HERA in NLO QCD}",
      booktitle      = "{Proceedings of the 6th International Workshop on Deep
                        Inelastic Scattering and QCD (DIS 98): Brussels, Belgium,
                        April 4-8, 1998}",
      year           = "1998",
      pages          = "574",
      eprint         = "hep-ph/9804373",
      archivePrefix  = "arXiv",
      primaryClass   = "hep-ph",
      SLACcitation   = "%%CITATION = HEP-PH/9804373;%%"
}

% ---- comparison of NLO computer codes
%
%      url            = "http://alice.cern.ch/format/showfull?sysnb=0331545",
@inproceedings{Duprel:1999wz,
      author         = "Duprel, C. and Hadig, T. and Kauer, N. and Wobisch, M.",
      title          = "{Comparison of next-to-leading order calculations for jet
                        cross-sections in deep inelastic scattering}",
      booktitle      = "{Monte Carlo generators for HERA physics. Proceedings,
                        Workshop, Hamburg, Germany, 1998-1999}",
      year           = "1999",
      pages          = "142",
      eprint         = "hep-ph/9910448",
      archivePrefix  = "arXiv",
      primaryClass   = "hep-ph",
      reportNumber   = "MADPH-99-1129, PITHA-99-30",
      SLACcitation   = "%%CITATION = HEP-PH/9910448;%%"
}

%% -- antennae formalism
@article{GehrmannDeRidder:2005cm,
      author         = "Gehrmann-De Ridder, A. and Gehrmann, T. and Glover, E. W.
                        Nigel",
      title          = "{Antenna subtraction at NNLO}",
      journal        = "JHEP",
      volume         = "0509",
      year           = "2005",
      pages          = "056",
      doi            = "10.1088/1126-6708/2005/09/056",
      eprint         = "hep-ph/0505111",
      archivePrefix  = "arXiv",
      primaryClass   = "hep-ph",
      reportNumber   = "ZU-TH-07-05, IPPP-05-18",
      SLACcitation   = "%%CITATION = HEP-PH/0505111;%%"
}
@article{Daleo:2009yj,
      author         = "Daleo, Alejandro and Gehrmann-De Ridder, Aude and
                        Gehrmann, Thomas and Luisoni, Gionata",
      title          = "{Antenna subtraction at NNLO with hadronic initial
                        states: initial-final configurations}",
      journal        = "JHEP",
      volume         = "1001",
      year           = "2010",
      pages          = "118",
      doi            = "10.1007/JHEP01(2010)118",
      eprint         = "0912.0374",
      archivePrefix  = "arXiv",
      primaryClass   = "hep-ph",
      reportNumber   = "ZU-TH-17-09",
      SLACcitation   = "%%CITATION = ARXIV:0912.0374;%%"
}
@article{Currie:2013vh,
      author         = "Currie, James and Glover, E. W. N. and Wells, Steven",
      title          = "{Infrared Structure at NNLO Using Antenna Subtraction}",
      journal        = "JHEP",
      volume         = "1304",
      year           = "2013",
      pages          = "066",
      doi            = "10.1007/JHEP04(2013)066",
      eprint         = "1301.4693",
      archivePrefix  = "arXiv",
      primaryClass   = "hep-ph",
      reportNumber   = "IPPP-12-82, ZU-TH-26-12",
      SLACcitation   = "%%CITATION = ARXIV:1301.4693;%%"
}



% -- aNNLO inclusive jets in DIS
@article{Biekotter:2015nra,
      author         = "Biekötter, Thomas and Klasen, Michael and Kramer,
                        Gustav",
      title          = "{Next-to-next-to-leading order contributions to inclusive
                        jet production in deep-inelastic scattering and
                        determination of $\alpha_s$}",
      journal        = "Phys. Rev.",
      volume         = "D92",
      year           = "2015",
      number         = "7",
      pages          = "074037",
      doi            = "10.1103/PhysRevD.92.074037",
      eprint         = "1508.07153",
      archivePrefix  = "arXiv",
      primaryClass   = "hep-ph",
      reportNumber   = "DESY-15-157, MS-TP-15-13",
      SLACcitation   = "%%CITATION = ARXIV:1508.07153;%%"
}

% ---- NNPDF3.1 (temporary entry)
% 
@article{Ball:2017nwa,
      author         = "Ball, Richard D. and others",
      title          = "{Parton distributions from high-precision collider data}",
      collaboration  = "The NNPDF",
      year           = "2017",
      eprint         = "1706.00428",
      archivePrefix  = "arXiv",
      primaryClass   = "hep-ph",
      reportNumber   = "CAVENDISH-HEP-17-06, CERN-TH-2017-077, EDINBURGH-2017-08,
                        --NIKHEF-2017-006, OUTP-17-04P, TIF-UNIMI-2017-3",
      SLACcitation   = "%%CITATION = ARXIV:1706.00428;%%"
}
@inproceedings{Rojo:2017xpe,
      author         = "Rojo, Juan",
      title          = "{Improving quark flavor separation with forward W and Z
                        production at LHCb}",
      booktitle      = "{25th International Workshop on Deep Inelastic Scattering
                        and Related Topics (DIS 2017) Birmingham, UK, April 3-7,
                        2017}",
      url            = "http://inspirehep.net/record/1599397/files/arXiv:1705.04468.pdf",
      year           = "2017",
      eprint         = "1705.04468",
      archivePrefix  = "arXiv",
      primaryClass   = "hep-ph",
      SLACcitation   = "%%CITATION = ARXIV:1705.04468;%%"
}



% Breit frame
@article{Streng:1979pv,
      author         = "Streng, K. H. and Walsh, T. F. and Zerwas, P. M.",
      title          = "{Quark and Gluon Jets in the Breit Frame of Lepton -
                        Nucleon Scattering}",
      journal        = "Z. Phys.",
      volume         = "C2",
      year           = "1979",
      pages          = "237",
      doi            = "10.1007/BF01474667",
      reportNumber   = "DESY-79-10",
      SLACcitation   = "%%CITATION = ZEPYA,C2,237;%%"
}

% alpha_s from inclusive jets, D0
@article{Abazov:2009nc,
      author         = "Abazov, V. M. and others",
      title          = "{Determination of the strong coupling constant from the
                        inclusive jet cross section in $p\bar{p}$ collisions at
                        sqrt(s)=1.96 TeV}",
      collaboration  = "D0",
      journal        = "Phys. Rev.",
      volume         = "D80",
      year           = "2009",
      pages          = "111107",
      doi            = "10.1103/PhysRevD.80.111107",
      eprint         = "0911.2710",
      archivePrefix  = "arXiv",
      primaryClass   = "hep-ex",
      reportNumber   = "FERMILAB-PUB-09-558-E",
      SLACcitation   = "%%CITATION = ARXIV:0911.2710;%%"
}

% D0 angular correlations R-delta-r
@article{Abazov:2012lua,
      author         = "Abazov, Victor Mukhamedovich and others",
      title          = "{Measurement of angular correlations of jets at
                        $\sqrt{s}=1.96$ TeV and determination of the strong
                        coupling at high momentum transfers}",
      collaboration  = "D0",
      journal        = "Phys. Lett.",
      volume         = "B718",
      year           = "2012",
      pages          = "56",
      doi            = "10.1016/j.physletb.2012.10.003",
      eprint         = "1207.4957",
      archivePrefix  = "arXiv",
      primaryClass   = "hep-ex",
      reportNumber   = "FERMILAB-PUB-12-397-E",
      SLACcitation   = "%%CITATION = ARXIV:1207.4957;%%"
}


% malaescu starovoitov alpha_s
@article{Malaescu:2012ts,
      author         = "Malaescu, Bogdan and Starovoitov, Pavel",
      title          = "{Evaluation of the Strong Coupling Constant $\alpha_s$ Using
                        the ATLAS Inclusive Jet Cross-Section Data}",
      journal        = "Eur. Phys. J.",
      volume         = "C72",
      year           = "2012",
      pages          = "2041",
      doi            = "10.1140/epjc/s10052-012-2041-y",
      eprint         = "1203.5416",
      archivePrefix  = "arXiv",
      primaryClass   = "hep-ph",
      reportNumber   = "CERN-PH-EP-2012-064, DESY-12-039",
      SLACcitation   = "%%CITATION = ARXIV:1203.5416;%%"
}


% CMS 8TeV
@article{Khachatryan:2016mlc,
      author         = "Khachatryan, Vardan and others",
      title          = "{Measurement and QCD analysis of double-differential
                        inclusive jet cross sections in pp collisions at 
                        $\sqrt{s}=8 $ TeV and cross section ratios to 2.76 and 7
                        TeV}",
      collaboration  = "CMS",
      journal        = "JHEP",
      volume         = "1703",
      year           = "2017",
      pages          = "156",
      doi            = "10.1007/JHEP03(2017)156",
      eprint         = "1609.05331",
      archivePrefix  = "arXiv",
      primaryClass   = "hep-ex",
      reportNumber   = "CMS-SMP-14-001, CERN-EP-2016-196",
      SLACcitation   = "%%CITATION = ARXIV:1609.05331;%%"
}

% CMS R 3/2
@article{Chatrchyan:2013txa,
      author         = "Chatrchyan, Serguei and others",
      title          = "{Measurement of the ratio of the inclusive 3-jet cross
                        section to the inclusive 2-jet cross section in pp
                        collisions at $\sqrt{s}$ = 7 TeV and first determination
                        of the strong coupling constant in the TeV range}",
      collaboration  = "CMS",
      journal        = "Eur. Phys. J.",
      volume         = "C73",
      year           = "2013",
      number         = "10",
      pages          = "2604",
      doi            = "10.1140/epjc/s10052-013-2604-6",
      eprint         = "1304.7498",
      archivePrefix  = "arXiv",
      primaryClass   = "hep-ex",
      reportNumber   = "CMS-QCD-11-003, CERN-PH-EP-2013-057",
      SLACcitation   = "%%CITATION = ARXIV:1304.7498;%%"
}

% CMS alpha_s and PDFs from 7TeV
@article{Khachatryan:2014waa,
      author         = "Khachatryan, Vardan and others",
      title          = "{Constraints on parton distribution functions and
                        extraction of the strong coupling constant from the
                        inclusive jet cross section in pp collisions at $\sqrt{s}
                        = 7$ $\,\text {TeV}$}",
      collaboration  = "CMS",
      journal        = "Eur. Phys. J.",
      volume         = "C75",
      year           = "2015",
      number         = "6",
      pages          = "288",
      doi            = "10.1140/epjc/s10052-015-3499-1",
      eprint         = "1410.6765",
      archivePrefix  = "arXiv",
      primaryClass   = "hep-ex",
      reportNumber   = "CMS-SMP-12-028, CERN-PH-EP-2014-238",
      SLACcitation   = "%%CITATION = ARXIV:1410.6765;%%"
}

% CMS 3-jets + alpha_s
@article{CMS:2014mna,
      author         = "Khachatryan, Vardan and others",
      title          = "{Measurement of the inclusive 3-jet production
                        differential cross section in proton–proton collisions
                        at 7 TeV and determination of the strong coupling
                        constant in the TeV range}",
      collaboration  = "CMS",
      journal        = "Eur. Phys. J.",
      volume         = "C75",
      year           = "2015",
      number         = "5",
      pages          = "186",
      doi            = "10.1140/epjc/s10052-015-3376-y",
      eprint         = "1412.1633",
      archivePrefix  = "arXiv",
      primaryClass   = "hep-ex",
      reportNumber   = "CMS-SMP-12-027, CERN-PH-EP-2014-287",
      SLACcitation   = "%%CITATION = ARXIV:1412.1633;%%"
}

% CMS 3-diff jets
@article{Sirunyan:2017skj,
      author         = "Sirunyan, Albert M and others",
      title          = "{Measurement of the triple-differential dijet cross
                        section in proton-proton collisions at sqrt(s) = 8 TeV and
                        constraints on parton distribution functions}",
      collaboration  = "CMS",
      year           = "2017",
      eprint         = "1705.02628",
      archivePrefix  = "arXiv",
      primaryClass   = "hep-ex",
      reportNumber   = "CMS-SMP-16-011, CERN-EP-2017-061",
      SLACcitation   = "%%CITATION = ARXIV:1705.02628;%%"
}

% ZEUS incl. jets gamma-p and alpha_s
@article{Abramowicz:2012jz,
      author         = "Abramowicz, H. and others",
      title          = "{Inclusive-jet photoproduction at HERA and determination
                        of alphas}",
      collaboration  = "ZEUS",
      journal        = "Nucl. Phys.",
      volume         = "B864",
      year           = "2012",
      pages          = "1",
      doi            = "10.1016/j.nuclphysb.2012.06.006",
      eprint         = "1205.6153",
      archivePrefix  = "arXiv",
      primaryClass   = "hep-ex",
      reportNumber   = "DESY-12-045",
      SLACcitation   = "%%CITATION = ARXIV:1205.6153;%%"
}

@article{Abbiendi:2005vd,
      author         = "Abbiendi, G. and others",
      title          = "{Measurement of the Strong Coupling alpha(s) from
                        four-jet observables in e+ e- annihilation}",
      collaboration  = "OPAL",
      journal        = "Eur. Phys. J.",
      volume         = "C47",
      year           = "2006",
      pages          = "295",
      doi            = "10.1140/epjc/s2006-02581-y",
      eprint         = "hep-ex/0601048",
      archivePrefix  = "arXiv",
      primaryClass   = "hep-ex",
      reportNumber   = "CERN-PH-EP-2005-057",
      SLACcitation   = "%%CITATION = HEP-EX/0601048;%%"
}

@article{Dissertori:2009qa,
      author         = "Dissertori, G. and Gehrmann-De Ridder, A. and Gehrmann,
                        T. and Glover, E. W. N. and Heinrich, G. and Stenzel, H.",
      title          = "{Precise determination of the strong coupling constant at
                        NNLO in QCD from the three-jet rate in electron--positron
                        annihilation at LEP}",
      journal        = "Phys. Rev. Lett.",
      volume         = "104",
      year           = "2010",
      pages          = "072002",
      doi            = "10.1103/PhysRevLett.104.072002",
      eprint         = "0910.4283",
      archivePrefix  = "arXiv",
      primaryClass   = "hep-ph",
      SLACcitation   = "%%CITATION = ARXIV:0910.4283;%%"
}


@article{Dissertori:2009ik,
      author         = "Dissertori, G. and Gehrmann-De Ridder, A. and Gehrmann,
                        T. and Glover, E. W. N. and Heinrich, G. and Luisoni, G.
                        and Stenzel, H.",
      title          = "{Determination of the strong coupling constant using
                        matched NNLO+NLLA predictions for hadronic event shapes in
                        e+e- annihilations}",
      journal        = "JHEP",
      volume         = "0908",
      year           = "2009",
      pages          = "036",
      doi            = "10.1088/1126-6708/2009/08/036",
      eprint         = "0906.3436",
      archivePrefix  = "arXiv",
      primaryClass   = "hep-ph",
      SLACcitation   = "%%CITATION = ARXIV:0906.3436;%%"
}


% antenna formalism
@article{Kosower:1997zr,
      author         = "Kosower, David A.",
      title          = "{Antenna factorization of gauge theory amplitudes}",
      journal        = "Phys. Rev.",
      volume         = "D57",
      year           = "1998",
      pages          = "5410",
      doi            = "10.1103/PhysRevD.57.5410",
      eprint         = "hep-ph/9710213",
      archivePrefix  = "arXiv",
      primaryClass   = "hep-ph",
      reportNumber   = "SACLAY-SPH-T-97-109, SACLAY-SPHT-T97-109",
      SLACcitation   = "%%CITATION = HEP-PH/9710213;%%"
}


%NNLO pp jets
@article{Currie:2017eqf,
      author         = "Currie, James and Gehrmann-De Ridder, Aude and Gehrmann,
                        Thomas and Glover, E. W. N. and Huss, Alexander and Pires,
                        Joao",
      title          = "{Precise predictions for dijet production at the LHC}",
      year           = "2017",
      eprint         = "1705.10271",
      archivePrefix  = "arXiv",
      primaryClass   = "hep-ph",
      reportNumber   = "IPPP-17-45, ZU-TH-13-17, MPP-2017-107",
      SLACcitation   = "%%CITATION = ARXIV:1705.10271;%%"
}
@article{Currie:2016bfm,
      author         = "Currie, J and Glover, E. W. N. and Pires, J",
      title          = "{Next-to-Next-to Leading Order QCD Predictions for Single
                        Jet Inclusive Production at the LHC}",
      journal        = "Phys. Rev. Lett.",
      volume         = "118",
      year           = "2017",
      number         = "7",
      pages          = "072002",
      doi            = "10.1103/PhysRevLett.118.072002",
      eprint         = "1611.01460",
      archivePrefix  = "arXiv",
      primaryClass   = "hep-ph",
      reportNumber   = "IPPP-16-110, MPP-2016-322",
      SLACcitation   = "%%CITATION = ARXIV:1611.01460;%%"
}

@article{Dissertori:2015tfa,
      author         = "Dissertori, G.",
      title          = "{The Determination of the Strong Coupling Constant}",
      journal        = "Adv. Ser. Direct. High Energy Phys.",
      volume         = "26",
      year           = "2016",
      pages          = "113",
      doi            = "10.1142/9789814733519_0006",
      eprint         = "1506.05407",
      archivePrefix  = "arXiv",
      primaryClass   = "hep-ex",
      SLACcitation   = "%%CITATION = ARXIV:1506.05407;%%"
}

% CDF alpha_s
@article{Affolder:2001hn,
      author         = "Affolder, T. and others",
      title          = "{Measurement of the strong coupling constant from
                        inclusive jet production at the Tevatron $\bar{p}p$
                        collider}",
      collaboration  = "CDF",
      journal        = "Phys. Rev. Lett.",
      volume         = "88",
      year           = "2002",
      pages          = "042001",
      doi            = "10.1103/PhysRevLett.88.042001",
      eprint         = "hep-ex/0108034",
      archivePrefix  = "arXiv",
      primaryClass   = "hep-ex",
      reportNumber   = "FERMILAB-PUB-01-246-E",
      SLACcitation   = "%%CITATION = HEP-EX/0108034;%%"
}

% 4-loop running
@article{Czakon:2004bu,
      author         = "Czakon, M.",
      title          = "{The Four-loop QCD beta-function and anomalous
                        dimensions}",
      journal        = "Nucl. Phys.",
      volume         = "B710",
      year           = "2005",
      pages          = "485",
      doi            = "10.1016/j.nuclphysb.2005.01.012",
      eprint         = "hep-ph/0411261",
      archivePrefix  = "arXiv",
      primaryClass   = "hep-ph",
      reportNumber   = "DESY-04-223, SFB-CPP-04-62",
      SLACcitation   = "%%CITATION = HEP-PH/0411261;%%"
}
@article{vanRitbergen:1997va,
      author         = "van Ritbergen, T. and Vermaseren, J. A. M. and Larin, S.
                        A.",
      title          = "{The Four loop beta function in quantum chromodynamics}",
      journal        = "Phys. Lett.",
      volume         = "B400",
      year           = "1997",
      pages          = "379",
      doi            = "10.1016/S0370-2693(97)00370-5",
      eprint         = "hep-ph/9701390",
      archivePrefix  = "arXiv",
      primaryClass   = "hep-ph",
      reportNumber   = "UM-TH-97-01, NIKHEF-97-001",
      SLACcitation   = "%%CITATION = HEP-PH/9701390;%%"
}

% --- three-loop splitting
@article{Moch:2004pa,
      author         = "Moch, S. and Vermaseren, J. A. M. and Vogt, A.",
      title          = "{The Three loop splitting functions in QCD: The
                        Nonsinglet case}",
      journal        = "Nucl. Phys.",
      volume         = "B688",
      year           = "2004",
      pages          = "101",
      doi            = "10.1016/j.nuclphysb.2004.03.030",
      eprint         = "hep-ph/0403192",
      archivePrefix  = "arXiv",
      primaryClass   = "hep-ph",
      reportNumber   = "DESY-04-047, SFB-CPP-04-09, NIKHEF-04-001",
      SLACcitation   = "%%CITATION = HEP-PH/0403192;%%"
}
@article{Vogt:2004mw,
      author         = "Vogt, A. and Moch, S. and Vermaseren, J. A. M.",
      title          = "{The Three-loop splitting functions in QCD: The Singlet
                        case}",
      journal        = "Nucl. Phys.",
      volume         = "B691",
      year           = "2004",
      pages          = "129",
      doi            = "10.1016/j.nuclphysb.2004.04.024",
      eprint         = "hep-ph/0404111",
      archivePrefix  = "arXiv",
      primaryClass   = "hep-ph",
      reportNumber   = "NIKHEF-04-004, DESY-04-060, SFB-CPP-04-12",
      SLACcitation   = "%%CITATION = HEP-PH/0404111;%%"
}