%% H1 EW fit 2005


% EPRC
@inproceedings{Spiesberger:1995pr,
      author         = "Spiesberger, H.",
      title          = "{EPRC: A program package for electroweak physics at
                        HERA}",
      booktitle      = "{Future physics at HERA. Proceedings, Workshop, Hamburg,
                        Germany, September 25, 1995-May 31, 1996. Vol. 1, 2}",
      year           = "1995",
      SLACcitation   = "%%CITATION = INSPIRE-409185;%%"
}

@article{Arbuzov:1995id,
      author         = "Arbuzov, A. and Bardin, Dmitri {\relax Yu}. and Blumlein,
                        J. and Kalinovskaya, L. and Riemann, T.",
      title          = "{Hector 1.00: A Program for the calculation of QED, QCD
                        and electroweak corrections to e p and lepton+- N deep
                        inelastic neutral and charged current scattering}",
      journal        = "Comput. Phys. Commun.",
      volume         = "94",
      year           = "1996",
      pages          = "128",
      doi            = "10.1016/0010-4655(96)00005-7",
      eprint         = "hep-ph/9511434",
      archivePrefix  = "arXiv",
      primaryClass   = "hep-ph",
      reportNumber   = "DESY-95-185",
      SLACcitation   = "%%CITATION = HEP-PH/9511434;%%"
}


@article{Abramowicz:2016ztw,
      author         = "Abramowicz, H. and others",
      title          = "{Combined QCD and electroweak analysis of HERA data}",
      collaboration  = "ZEUS",
      journal        = "Phys. Rev.",
      volume         = "D93",
      year           = "2016",
      number         = "9",
      pages          = "092002",
      doi            = "10.1103/PhysRevD.93.092002",
      eprint         = "1603.09628",
      archivePrefix  = "arXiv",
      primaryClass   = "hep-ex",
      reportNumber   = "DESY-16-039",
      SLACcitation   = "%%CITATION = ARXIV:1603.09628;%%"
}

@article{Aktas:2005iv,
      author         = "Aktas, A. and others",
      title          = "{A determination of electroweak parameters at HERA}",
      collaboration  = "H1",
      journal        = "Phys. Lett.",
      volume         = "B632",
      year           = "2006",
      pages          = "35",
      doi            = "10.1016/j.physletb.2005.10.035",
      eprint         = "hep-ex/0507080",
      archivePrefix  = "arXiv",
      primaryClass   = "hep-ex",
      reportNumber   = "DESY-05-093",
      SLACcitation   = "%%CITATION = HEP-EX/0507080;%%"
}

@article{Andreev:2016tgi,
      author         = "Andreev, V. and others",
      title          = "{Measurement of jet production cross sections in
                        deep-inelastic $ep$ scattering at HERA}",
      collaboration  = "H1",
      year           = "2016",
      eprint         = "1611.03421",
      archivePrefix  = "arXiv",
      primaryClass   = "hep-ex",
      reportNumber   = "DESY-16-200",
      SLACcitation   = "%%CITATION = ARXIV:1611.03421;%%"
}

@article{Andreev:2014wwa,
      author         = "Andreev, V. and others",
      title          = "{Measurement of multijet production in $ep$ collisions at
                        high $Q^2$ and determination of the strong coupling
                        $\alpha_s$}",
      collaboration  = "H1",
      journal        = "Eur. Phys. J.",
      volume         = "C75",
      year           = "2015",
      number         = "2",
      pages          = "65",
      doi            = "10.1140/epjc/s10052-014-3223-6",
      eprint         = "1406.4709",
      archivePrefix  = "arXiv",
      primaryClass   = "hep-ex",
      reportNumber   = "DESY-14-089",
      SLACcitation   = "%%CITATION = ARXIV:1406.4709;%%"
}

@article{Aaron:2010ac,
      author         = "Aaron, F. D. and others",
      title          = "{Jet Production in $ep$ collisions at low $Q^2$ and
                        determination of $\alpha_s$}",
      collaboration  = "H1",
      journal        = "Eur. Phys. J.",
      volume         = "C67",
      year           = "2010",
      pages          = "1",
      doi            = "10.1140/epjc/s10052-010-1282-x",
      eprint         = "0911.5678",
      archivePrefix  = "arXiv",
      primaryClass   = "hep-ex",
      reportNumber   = "DESY-09-162",
      SLACcitation   = "%%CITATION = ARXIV:0911.5678;%%"
}

@article{Aktas:2007aa,
      author         = "Aktas, A. and others",
      title          = "{Measurement of inclusive jet production in
                        deep-inelastic scattering at high $Q^2$ and determination
                        of the strong coupling}",
      collaboration  = "H1",
      journal        = "Phys. Lett.",
      volume         = "B653",
      year           = "2007",
      pages          = "134",
      doi            = "10.1016/j.physletb.2007.07.050",
      eprint         = "0706.3722",
      archivePrefix  = "arXiv",
      primaryClass   = "hep-ex",
      reportNumber   = "DESY-07-073",
      SLACcitation   = "%%CITATION = ARXIV:0706.3722;%%"
}

@article{Adloff:2000tq,
      author         = "Adloff, C. and others",
      title          = "{Measurement and QCD analysis of jet cross-sections in
                        deep inelastic positron - proton collisions at $\sqrt{s}$ of
                        300 GeV}",
      collaboration  = "H1",
      journal        = "Eur. Phys. J.",
      volume         = "C19",
      year           = "2001",
      pages          = "289",
      doi            = "10.1007/s100520100621",
      eprint         = "hep-ex/0010054",
      archivePrefix  = "arXiv",
      primaryClass   = "hep-ex",
      reportNumber   = "DESY-00-145",
      SLACcitation   = "%%CITATION = HEP-EX/0010054;%%"
}

@article{Currie:2016ytq,
      author         = "Currie, J. and Gehrmann, T. and Niehues, J.",
      title          = "{Precise QCD predictions for the production of dijet
                        final states in deep inelastic scattering}",
      journal        = "Phys. Rev. Lett.",
      volume         = "117",
      year           = "2016",
      number         = "4",
      pages          = "042001",
      doi            = "10.1103/PhysRevLett.117.042001",
      eprint         = "1606.03991",
      archivePrefix  = "arXiv",
      primaryClass   = "hep-ph",
      SLACcitation   = "%%CITATION = ARXIV:1606.03991;%%"
}

@article{Currie:2017tpe,
      author         = "Currie, J. and Gehrmann, T. and Huss, A.
                        and Niehues, Jan",
      title          = "{NNLO QCD corrections to jet production in deep inelastic
                        scattering}",
      year           = "2017",
      eprint         = "1703.05977",
      archivePrefix  = "arXiv",
      primaryClass   = "hep-ph",
      SLACcitation   = "%%CITATION = ARXIV:1703.05977;%%"
}

%% kt-algo
@article{Ellis:1993tq,
      author         = "Ellis, S. D. and Soper, D. E.",
      title          = "{Successive combination jet algorithm for hadron
                        collisions}",
      journal        = "Phys. Rev.",
      volume         = "D48",
      year           = "1993",
      pages          = "3160",
      doi            = "10.1103/PhysRevD.48.3160",
      eprint         = "hep-ph/9305266",
      archivePrefix  = "arXiv",
      primaryClass   = "hep-ph",
      reportNumber   = "CERN-TH-6860-93",
      SLACcitation   = "%%CITATION = HEP-PH/9305266;%%"
}

%% APFEL
@article{Bertone:2013vaa,
      author         = "Bertone, V. and Carrazza, S. and Rojo, J.",
      title          = "{APFEL: A PDF evolution library with QED corrections}",
      journal        = "Comput. Phys. Commun.",
      volume         = "185",
      year           = "2014",
      pages          = "1647",
      doi            = "10.1016/j.cpc.2014.03.007",
      eprint         = "1310.1394",
      archivePrefix  = "arXiv",
      primaryClass   = "hep-ph",
      reportNumber   = "IFUM-1015-FT, CERN-PH-TH-2013-209",
      SLACcitation   = "%%CITATION = ARXIV:1310.1394;%%"
}

% aleph alpha_s
@article{Dissertori:2007xa,
      author         = "Dissertori, G. and Gehrmann-De Ridder, A. and Gehrmann,
                        T. and Glover, E. W. N. and Heinrich, G. and Stenzel, H.",
      title          = "{First determination of the strong coupling constant
                        using NNLO predictions for hadronic event shapes in $e^+ e^-$
                        annihilations}",
      journal        = "JHEP",
      volume         = "02",
      year           = "2008",
      pages          = "040",
      doi            = "10.1088/1126-6708/2008/02/040",
      eprint         = "0712.0327",
      archivePrefix  = "arXiv",
      primaryClass   = "hep-ph",
      reportNumber   = "ZU-TH-28-07, IPPP-07-91, EDINBURGH-2007-48,
                        ETHZ-IPP-RP-2007-04",
      SLACcitation   = "%%CITATION = ARXIV:0712.0327;%%"
}

% JADE alpha_s (4-jet rate
@article{Schieck:2006tc,
      author         = "Schieck, J. and Bethke, S. and Biebel, O. and Kluth, S.
                        and Movilla Fernandez, P. A. and Pahl, C.",
      title          = "{Measurement of the strong coupling $\alpha_s$ from the
                        four-jet rate in $e^+ e^-$ annihilation using JADE data}",
      collaboration  = "JADE",
      journal        = "Eur. Phys. J.",
      volume         = "C48",
      year           = "2006",
      pages          = "3",
      doi            = "10.1140/epjc/s10052-007-0226-6,
                        10.1140/epjc/s2006-02625-4",
      note           = "[Erratum: Eur. Phys. J. C50 (2007) 769]",
      eprint         = "0707.0392",
      archivePrefix  = "arXiv",
      primaryClass   = "hep-ex",
      reportNumber   = "MPP-2006-161",
      SLACcitation   = "%%CITATION = ARXIV:0707.0392;%%"
}

% OPAL alpha_s
@article{OPAL:2011aa,
      author         = "Abbiendi, G. and others",
      title          = "{Determination of $\alpha_s$ using OPAL hadronic event
                        shapes at $\sqrt{s}=91 - 209$ GeV and resummed NNLO
                        calculations}",
      collaboration  = "OPAL",
      journal        = "Eur. Phys. J.",
      volume         = "C71",
      year           = "2011",
      pages          = "1733",
      doi            = "10.1140/epjc/s10052-011-1733-z",
      eprint         = "1101.1470",
      archivePrefix  = "arXiv",
      primaryClass   = "hep-ex",
      reportNumber   = "CERN-PH-EP-2010-089",
      SLACcitation   = "%%CITATION = ARXIV:1101.1470;%%"
}

% LHAPDF
@article{Buckley:2014ana,
      author         = "Buckley, A. and Ferrando, J. and Lloyd, S. and
                        Nordstrom, K. and Page, B. and Ruefenacht, M. and
                        Sch{\"o}nherr, M. and Watt, G.",
      title          = "{LHAPDF6: parton density access in the LHC precision
                        era}",
      journal        = "Eur. Phys. J.",
      volume         = "C75",
      year           = "2015",
      pages          = "132",
      doi            = "10.1140/epjc/s10052-015-3318-8",
      eprint         = "1412.7420",
      archivePrefix  = "arXiv",
      primaryClass   = "hep-ph",
      reportNumber   = "GLAS-PPE-2014-05, MCNET-14-29, IPPP-14-111, DCPT-14-222",
      SLACcitation   = "%%CITATION = ARXIV:1412.7420;%%"
}

% NNLOJET
@article{Ridder:2016nkl,
      author         = "Gehrmann-De Ridder, A. and Gehrmann, T. and Glover, E.
                        W. N. and Huss, A. and Morgan, T. A.",
      title          = "{The NNLO QCD corrections to $Z$ boson production at large
                        transverse momentum}",
      journal        = "JHEP",
      volume         = "07",
      year           = "2016",
      pages          = "133",
      doi            = "10.1007/JHEP07(2016)133",
      eprCarli:2010rwint         = "1605.04295",
      archivePrefix  = "arXiv",
      primaryClass   = "hep-ph",
      reportNumber   = "IPPP-16-39, NSF-KITP-16-067, ZU-TH-18-16",
      SLACcitation   = "%%CITATION = ARXIV:1605.04295;%%"
}

%APPLgrid
@article{Carli:2010rw,
      author         = "Carli, T. and Clements, D. and Cooper-Sarkar,
                        A. and Gwenlan, C. and Salam, G. P. and
                        Siegert, F. and Starovoitov, P. and Sutton, M.",
      title          = "{A posteriori inclusion of parton density functions in
                        NLO QCD final-state calculations at hadron colliders: The
                        APPLGRID project}",
      journal        = "Eur. Phys. J.",
      volume         = "C66",
      year           = "2010",
      pages          = "503",
      doi            = "10.1140/epjc/s10052-010-1255-0",
      eprint         = "0911.2985",
      archivePrefix  = "arXiv",
      primaryClass   = "hep-ph",
      SLACcitation   = "%%CITATION = ARXIV:0911.2985;%%"
}


% fastNLO
%      url            = "http://inspirehep.net/record/1128033/files/arXiv:1208.3641.pdf",
@inproceedings{Britzger:2012bs,
      author         = "Britzger, D. and Rabbertz, K. and Stober, F. and
                        Wobisch, M.",
      title          = "{New features in version 2 of the fastNLO project}",
      booktitle      = "{Proceedings, 20th International Workshop on
                        Deep-Inelastic Scattering and Related Subjects (DIS 2012):
                        Bonn, Germany, March 26-30, 2012}",
      year           = "2012",
      pages          = "217",
      doi            = "10.3204/DESY-PROC-2012-02/165",
      eprint         = "1208.3641",
      archivePrefix  = "arXiv",
      primaryClass   = "hep-ph",
      SLACcitation   = "%%CITATION = ARXIV:1208.3641;%%"
}

%CRunDec
@article{Schmidt:2012az,
      author         = "Schmidt, B. and Steinhauser, M.",
      title          = "{CRunDec: a C++ package for running and decoupling of the
                        strong coupling and quark masses}",
      journal        = "Comput. Phys. Commun.",
      volume         = "183",
      year           = "2012",
      pages          = "1845",
      doi            = "10.1016/j.cpc.2012.03.023",
      eprint         = "1201.6149",
      archivePrefix  = "arXiv",
      primaryClass   = "hep-ph",
      reportNumber   = "SFB-CPP-12-03, TTP12-02",
      SLACcitation   = "%%CITATION = ARXIV:1201.6149;%%"
}

@article{Chetyrkin:2000yt,
      author         = "Chetyrkin, K. G. and Kuhn, J. H. and Steinhauser, M.",
      title          = "{RunDec: A Mathematica package for running and decoupling
                        of the strong coupling and quark masses}",
      journal        = "Comput. Phys. Commun.",
      volume         = "133",
      year           = "2000",
      pages          = "43",
      doi            = "10.1016/S0010-4655(00)00155-7",
      eprint         = "hep-ph/0004189",
      archivePrefix  = "arXiv",
      primaryClass   = "hep-ph",
      reportNumber   = "DESY-00-034, TTP-00-05",
      SLACcitation   = "%%CITATION = HEP-PH/0004189;%%"
}

% ROOT
@article{Antcheva:2009zz,
      author         = "Antcheva, I. and others",
      title          = "{ROOT: A C++ framework for petabyte data storage,
                        statistical analysis and visualization}",
      journal        = "Comput. Phys. Commun.",
      volume         = "180",
      year           = "2009",
      pages          = "2499",
      doi            = "10.1016/j.cpc.2009.08.005",
      eprint         = "1508.07749",
      archivePrefix  = "arXiv",
      primaryClass   = "physics.data-an",
      reportNumber   = "FERMILAB-PUB-09-661-CD",
      SLACcitation   = "%%CITATION = ARXIV:1508.07749;%%"
}

%Minuit
@article{James:1975dr,
      author         = "James, F. and Roos, M.",
      title          = "{Minuit: A system for function minimization and analysis
                        of the parameter errors and correlations}",
      journal        = "Comput. Phys. Commun.",
      volume         = "10",
      year           = "1975",
      pages          = "343",
      doi            = "10.1016/0010-4655(75)90039-9",
      reportNumber   = "CERN-DD-75-20",
      SLACcitation   = "%%CITATION = CPHCB,10,343;%%"
}

%% ABMP
@article{Alekhin:2017kpj,
      author         = "Alekhin, S. and Bl{\"u}mlein, J. and Moch, S. and Placakyte,
                        R.",
      title          = "{Parton distribution functions, $\alpha_s$ and
                        heavy-quark masses for LHC Run II}",
      year           = "2017",
      eprint         = "1701.05838",
      archivePrefix  = "arXiv",
      primaryClass   = "hep-ph",
      reportNumber   = "DESY-16-179, DO-TH-16-13",
      SLACcitation   = "%%CITATION = ARXIV:1701.05838;%%"
}

%% BBP
@article{Blumlein:2006be,
      author         = "Bl{\"u}mlein, J. and Bottcher, H. and Guffanti,
                        A.",
      title          = "{Non-singlet QCD analysis of deep inelastic world data at
                        ${\cal O}(\alpha_s^3)$}",
      journal        = "Nucl. Phys.",
      volume         = "B774",
      year           = "2007",
      pages          = "182",
      doi            = "10.1016/j.nuclphysb.2007.03.035",
      eprint         = "hep-ph/0607200",
      archivePrefix  = "arXiv",
      primaryClass   = "hep-ph",
      reportNumber   = "DESY-05-012, SFB-CPP-06-33",
      SLACcitation   = "%%CITATION = HEP-PH/0607200;%%"
}

%% CT14
@article{Dulat:2015mca,
      author         = "Dulat, S. and Hou, T.-J. and Gao, J. and
                        Guzzi, M. and Huston, J. and Nadolsky, P. and
                        Pumplin, J. and Schmidt, C. and Stump, D. and Yuan,
                        C. P.",
      title          = "{New parton distribution functions from a global analysis
                        of quantum chromodynamics}",
      journal        = "Phys. Rev.",
      volume         = "D93",
      year           = "2016",
      number         = "3",
      pages          = "033006",
      doi            = "10.1103/PhysRevD.93.033006",
      eprint         = "1506.07443",
      archivePrefix  = "arXiv",
      primaryClass   = "hep-ph",
      SLACcitation   = "%%CITATION = ARXIV:1506.07443;%%"
}

%% HERA2.0 HERAPDF2.0
@article{Abramowicz:2015mha,
      author         = "{H1 and ZEUS Collaborations, H.\ Abramowicz {\it et al.}}",
      title          = "{Combination of measurements of inclusive deep inelastic
                        ${e^{\pm }p}$ scattering cross sections and QCD analysis
                        of HERA data}",
      journal        = "Eur. Phys. J.",
      volume         = "C75",
      year           = "2015",
      number         = "12",
      pages          = "580",
      doi            = "10.1140/epjc/s10052-015-3710-4",
      eprint         = "1506.06042",
      archivePrefix  = "arXiv",
      primaryClass   = "hep-ex",
      reportNumber   = "DESY-15-039",
      SLACcitation   = "%%CITATION = ARXIV:1506.06042;%%"
}
%zz      collaboration  = "H1 and ZEUS",

%%ABM
@article{Alekhin:2012ig,
      author         = "Alekhin, S. and Bl{\"u}mlein, J. and Moch, S.",
      title          = "{Parton distribution functions and benchmark cross
                        sections at NNLO}",
      journal        = "Phys. Rev.",
      volume         = "D86",
      year           = "2012",
      pages          = "054009",
      doi            = "10.1103/PhysRevD.86.054009",
      eprint         = "1202.2281",
      archivePrefix  = "arXiv",
      primaryClass   = "hep-ph",
      reportNumber   = "DESY-12-023, DO-TH-11-31, LPN-12-033, SFB-CPP-12-08",
      SLACcitation   = "%%CITATION = ARXIV:1202.2281;%%"
}


%% MMHT
@article{Harland-Lang:2014zoa,
      author         = "Harland-Lang, L. A. and Martin, A. D. and Motylinski, P.
                        and Thorne, R. S.",
      title          = "{Parton distributions in the LHC era: MMHT 2014 PDFs}",
      journal        = "Eur. Phys. J.",
      volume         = "C75",
      year           = "2015",
      number         = "5",
      pages          = "204",
      doi            = "10.1140/epjc/s10052-015-3397-6",
      eprint         = "1412.3989",
      archivePrefix  = "arXiv",
      primaryClass   = "hep-ph",
      reportNumber   = "LCTS-2014-47, IPPP-14-97, DCPT-14-194",
      SLACcitation   = "%%CITATION = ARXIV:1412.3989;%%"
}

%% NNPDF30
@article{Ball:2014uwa,
      author         = "Ball, R. D. and others",
      title          = "{Parton distributions for the LHC Run II}",
      collaboration  = "NNPDF",
      journal        = "JHEP",
      volume         = "04",
      year           = "2015",
      pages          = "040",
      doi            = "10.1007/JHEP04(2015)040",
      eprint         = "1410.8849",
      archivePrefix  = "arXiv",
      primaryClass   = "hep-ph",
      reportNumber   = "EDINBURGH-2014-15, IFUM-1034-FT, CERN-PH-TH-2013-253,
                        OUTP-14-11P, CAVENDISH-HEP-14-11",
      SLACcitation   = "%%CITATION = ARXIV:1410.8849;%%"
}


%% NNPDF (2.x) alpha_s
@article{Ball:2011us,
      author         = "Ball, R. D. and Bertone, V. and Del Debbio,
                        L. and Forte, S. and Guffanti, A. and
                        Latorre, J. I. and Lionetti, S. and Rojo, J. and
                        Ubiali, M.",
      title          = "{Precision NNLO determination of $\alpha_s(M_Z)$ using an
                        unbiased global parton set}",
      journal        = "Phys. Lett.",
      volume         = "B707",
      year           = "2012",
      pages          = "66",
      doi            = "10.1016/j.physletb.2011.11.053",
      eprint         = "1110.2483",
      archivePrefix  = "arXiv",
      primaryClass   = "hep-ph",
      reportNumber   = "CERN-PH-TH-2011-225, EDINBURGH-2011-29,
                        FR-PHENO-2011-018, IFUM-985-FT, TTK-11-50, --IFUM-985-FT",
      SLACcitation   = "%%CITATION = ARXIV:1110.2483;%%"
}

%% JR alpha_s
@article{JimenezDelgado:2008hf,
      author         = "Jimenez-Delgado, P. and Reya, E.",
      title          = "{Dynamical NNLO parton distributions}",
      journal        = "Phys. Rev.",
      volume         = "D79",
      year           = "2009",
      pages          = "074023",
      doi            = "10.1103/PhysRevD.79.074023",
      eprint         = "0810.4274",
      archivePrefix  = "arXiv",
      primaryClass   = "hep-ph",
      reportNumber   = "DO-TH-0805, DOTH-0805",
      SLACcitation   = "%%CITATION = ARXIV:0810.4274;%%"
}

%% PDG 2016
@article{Olive:2016xmw,
      author         = "Patrignani, C. and others",
      title          = "{Review of Particle Physics}",
      collaboration  = "Particle Data Group",
      journal        = "Chin. Phys.",
      volume         = "C40",
      year           = "2016",
      number         = "10",
      pages          = "100001",
      doi            = "10.1088/1674-1137/40/10/100001",
      SLACcitation   = "%%CITATION = CHPHD,C40,100001;%%"
}

%% CMS ttbar alpha_s
@article{Chatrchyan:2013haa,
      author         = "Chatrchyan, S. and others",
      title          = "{Determination of the top-quark pole mass and strong
                        coupling constant from the $t\bar{t}$ production cross
                        section in $pp$ collisions at $\sqrt{s}$ = 7 TeV}",
      collaboration  = "CMS",
      journal        = "Phys. Lett.",
      volume         = "B728",
      year           = "2014",
      pages          = "496",
      doi            = "10.1016/j.physletb.2014.08.040,
                        10.1016/j.physletb.2013.12.009",
      note           = "[Erratum: Phys. Lett. B738 (2014) 526]",
      eprint         = "1307.1907",
      archivePrefix  = "arXiv",
      primaryClass   = "hep-ex",
      reportNumber   = "CMS-TOP-12-022, CERN-PH-EP-2013-121",
      SLACcitation   = "%%CITATION = ARXIV:1307.1907;%%"
}

%% JADE 3-jet rate
@article{Schieck:2012mp,
      author         = "Schieck, J. and Bethke, S. and Kluth, S.
                        and Pahl, C. and Trocsanyi, Z.",
      title          = "{Measurement of the strong coupling $\alpha_s$ from the
                        three-jet rate in $e^+e^-$ - annihilation using JADE data}",
      collaboration  = "JADE",
      journal        = "Eur. Phys. J.",
      volume         = "C73",
      year           = "2013",
      number         = "3",
      pages          = "2332",
      doi            = "10.1140/epjc/s10052-013-2332-y",
      eprint         = "1205.3714",
      archivePrefix  = "arXiv",
      primaryClass   = "hep-ex",
      SLACcitation   = "%%CITATION = ARXIV:1205.3714;%%"
}

%% GFitter alpha_s
@article{Baak:2014ora,
      author         = "{Baak, M. and Cuth, J. and Haller, J. and H{\"o}cker, A. and
                        Kogler, R. and M{\"o}nig, K. and Schott, M. and Stelzer, J.}",
      title          = "{The global electroweak fit at NNLO and prospects for the
                        LHC and ILC}",
      collaboration  = "Gfitter Group",
      journal        = "Eur. Phys. J.",
      volume         = "C74",
      year           = "2014",
      pages          = "3046",
      doi            = "10.1140/epjc/s10052-014-3046-5",
      eprint         = "1407.3792",
      archivePrefix  = "arXiv",
      primaryClass   = "hep-ph",
      reportNumber   = "DESY-14-124",
      SLACcitation   = "%%CITATION = ARXIV:1407.3792;%%"
}



@article{Haller:2018nnx,
      author         = "Haller, Johannes and H{\"o}cker, Andreas and Kogler, Roman
                        and M{\"o}nig, Klaus and Peiffer, Thomas and Stelzer, J{\"o}rg",
      title          = "{Update of the global electroweak fit and constraints on
                        two-Higgs-doublet models}",
      year           = "2018",
      eprint         = "1803.01853",
      archivePrefix  = "arXiv",
      primaryClass   = "hep-ph",
      SLACcitation   = "%%CITATION = ARXIV:1803.01853;%%"
}

%% alpha_s world average 2016
@inproceedings{Bethke:2017uli,
      author         = "Bethke, S.",
      title          = "{alpha s 2016}",
      booktitle      = "{Proceedings, 19th international conference in quantum
                        chromodynamics  (QCD 16): Montpellier, France, July 4–9,
                        2016}",
      year           = "2017",
      journal        = "Nucl. Part. Phys. Proc.",
      volume         = "282-284",
      pages          = "149",
      doi            = "10.1016/j.nuclphysbps.2016.12.028",
      SLACcitation   = "%%CITATION = INSPIRE-1518241;%%"
}


% EPRC
@article{Jegerlehner:2008rs,
      author         = "Jegerlehner, F.",
      title          = "{The running fine structure constant $\alpha(E)$ via the
                        Adler function}",
      booktitle      = "{PHIPSI08, proceedings of the international workshop on
                        $e^+e^-$ collisions from $\phi$ to $\psi$, Frascati (Rome) Italy,
                        7-10 April 2008}",
      journal        = "Nucl. Phys. Proc. Suppl.",
      volume         = "181-182",
      year           = "2008",
      pages          = "135",
      doi            = "10.1016/j.nuclphysbps.2008.09.010",
      eprint         = "0807.4206",
      archivePrefix  = "arXiv",
      primaryClass   = "hep-ph",
      reportNumber   = "IFJPAN-IV-2008-3, HU-EP-08-22, DESY-08-078, DESY-08-078",
      SLACcitation   = "%%CITATION = ARXIV:0807.4206;%%"
}

@article{Lai:2010nw,
      author         = "Lai, Hung-Liang and Huston, Joey and Li, Zhao and
                        Nadolsky, Pavel and Pumplin, Jon and Stump, Daniel and
                        Yuan, C. -P.",
      title          = "{Uncertainty induced by QCD coupling in the CTEQ global
                        analysis of parton distributions}",
      journal        = "Phys. Rev.",
      volume         = "D82",
      year           = "2010",
      pages          = "054021",
      doi            = "10.1103/PhysRevD.82.054021",
      eprint         = "1004.4624",
      archivePrefix  = "arXiv",
      primaryClass   = "hep-ph",
      reportNumber   = "MSUHEP-100421, SMU-HEP-10-07",
      SLACcitation   = "%%CITATION = ARXIV:1004.4624;%%"
}
@article{Botje:2011sn,
      author         = "Botje, Michiel and others",
      title          = "{The PDF4LHC working group interim recommendations}",
      year           = "2011",
      eprint         = "1101.0538",
      archivePrefix  = "arXiv",
      primaryClass   = "hep-ph",
      SLACcitation   = "%%CITATION = ARXIV:1101.0538;%%"
}

% --- QCDNUM
@article{Botje:2016wbq,
      author         = "Botje, M.",
      title          = "{Erratum for the time-like evolution in QCDNUM}",
      year           = "2016",
      eprint         = "1602.08383",
      archivePrefix  = "arXiv",
      primaryClass   = "hep-ph",
      SLACcitation   = "%%CITATION = ARXIV:1602.08383;%%"
}
@article{Botje:2010ay,
      author         = "Botje, M.",
      title          = "{QCDNUM: fast QCD evolution and convolution}",
      journal        = "Comput. Phys. Commun.",
      volume         = "182",
      year           = "2011",
      pages          = "490",
      doi            = "10.1016/j.cpc.2010.10.020",
      eprint         = "1005.1481",
      archivePrefix  = "arXiv",
      primaryClass   = "hep-ph",
      reportNumber   = "NIKHEF-10-002",
      SLACcitation   = "%%CITATION = ARXIV:1005.1481;%%"
}



% -------------------------------------------------- %
@article{Adloff:1999ah,
      author         = "Adloff, C. and others",
      title          = "{Measurement of neutral and charged current
                        cross-sections in positron proton collisions at large
                        momentum transfer}",
      collaboration  = "H1",
      journal        = "Eur. Phys. J.",
      volume         = "C13",
      year           = "2000",
      pages          = "609",
      doi            = "10.1007/s100520050721",
      eprint         = "hep-ex/9908059",
      archivePrefix  = "arXiv",
      primaryClass   = "hep-ex",
      reportNumber   = "DESY-99-107",
      SLACcitation   = "%%CITATION = HEP-EX/9908059;%%"
}
@article{Adloff:2000qj,
      author         = "Adloff, C. and others",
      title          = "{Measurement of neutral and charged current
                        cross-sections in electron - proton collisions at high
                        $Q^{2}$}",
      collaboration  = "H1",
      journal        = "Eur. Phys. J.",
      volume         = "C19",
      year           = "2001",
      pages          = "269",
      doi            = "10.1007/s100520100607",
      eprint         = "hep-ex/0012052",
      archivePrefix  = "arXiv",
      primaryClass   = "hep-ex",
      reportNumber   = "DESY-00-187",
      SLACcitation   = "%%CITATION = HEP-EX/0012052;%%"
}
@article{Adloff:2003uh,
      author         = "Adloff, C. and others",
      title          = "{Measurement and QCD analysis of neutral and charged
                        current cross-sections at HERA}",
      collaboration  = "H1",
      journal        = "Eur. Phys. J.",
      volume         = "C30",
      year           = "2003",
      pages          = "1",
      doi            = "10.1140/epjc/s2003-01257-6",
      eprint         = "hep-ex/0304003",
      archivePrefix  = "arXiv",
      primaryClass   = "hep-ex",
      reportNumber   = "DESY-03-038",
      SLACcitation   = "%%CITATION = HEP-EX/0304003;%%"
}


@article{Collaboration:2010ry,
      author         = "Aaron, F. D. and others",
      title          = "{Measurement of the inclusive $e^{\pm }p$ scattering cross
                        section at high inelasticity $y$ and of the structure
                        function $F_L$}",
      collaboration  = "H1",
      journal        = "Eur. Phys. J.",
      volume         = "C71",
      year           = "2011",
      pages          = "1579",
      doi            = "10.1140/epjc/s10052-011-1579-4",
      eprint         = "1012.4355",
      archivePrefix  = "arXiv",
      primaryClass   = "hep-ex",
      reportNumber   = "DESY-10-228",
      SLACcitation   = "%%CITATION = ARXIV:1012.4355;%%"
}
@article{Aaron:2012qi,
      author         = "Aaron, F. D. and others",
      title          = "{Inclusive deep inelastic scattering at high $Q^2$ with
                        longitudinally polarised lepton beams at HERA}",
      collaboration  = "H1",
      journal        = "JHEP",
      volume         = "09",
      year           = "2012",
      pages          = "061",
      doi            = "10.1007/JHEP09(2012)061",
      eprint         = "1206.7007",
      archivePrefix  = "arXiv",
      primaryClass   = "hep-ex",
      reportNumber   = "DESY-12-107",
      SLACcitation   = "%%CITATION = ARXIV:1206.7007;%%"
}
% -------------------------------------------------- %


@article{Klein:1564929,
      author        = "Klein, M. and Radescu, V.",
      title         = "{Partons from the LHeC}",
      month         = "Jul",
      year          = "2013",
      reportNumber  = "CERN-LHeC-Note-2013-002 PHY",
      url           = "https://cds.cern.ch/record/1564929",
}

% --------------------------------------------- %
%  W-massen at HERA
@article{Aid:1996yc,
      author         = "Aid, S. and others",
      title          = "{Measurement of the $Q^2$ dependence of the charged and
                        neutral current cross-sections in $e^\pm p$ scattering at
                        HERA}",
      collaboration  = "H1",
      journal        = "Phys. Lett.",
      volume         = "B379",
      year           = "1996",
      pages          = "319",
      doi            = "10.1016/0370-2693(96)00545-X",
      eprint         = "hep-ex/9603009",
      archivePrefix  = "arXiv",
      primaryClass   = "hep-ex",
      reportNumber   = "DESY-96-046",
      SLACcitation   = "%%CITATION = HEP-EX/9603009;%%"
}

@article{Breitweg:1999aa,
      author         = "Breitweg, J. and others",
      title          = "{Measurement of high $Q^2$ charged current $e^+ p$ deep
                        inelastic scattering cross-sections at HERA}",
      collaboration  = "ZEUS",
      journal        = "Eur. Phys. J.",
      volume         = "C12",
      year           = "2000",
      pages          = "411",
      doi            = "10.1007/s100529900280",
      note           = "[Erratum: Eur. Phys. J. C2 (2003) 305]",
      eprint         = "hep-ex/9907010",
      archivePrefix  = "arXiv",
      primaryClass   = "hep-ex",
      reportNumber   = "DESY-99-059, ANL-HEP-PR-99-84",
      SLACcitation   = "%%CITATION = HEP-EX/9907010;%%"
}

@article{Chekanov:2002zs,
      author         = "Chekanov, S. and others",
      title          = "{Measurement of high Q$^2$ charged current cross-sections
                        in e$^-$p deep inelastic scattering at HERA}",
      collaboration  = "ZEUS",
      journal        = "Phys. Lett.",
      volume         = "B539",
      year           = "2002",
      pages          = "197",
      doi            = "10.1016/S0370-2693(02)03097-6,
                        10.1016/S0370-2693(02)02093-2",
      note           = "[Erratum: Phys. Lett. B552 (2003) 308]",
      eprint         = "hep-ex/0205091",
      archivePrefix  = "arXiv",
      primaryClass   = "hep-ex",
      reportNumber   = "DESY-02-064",
      SLACcitation   = "%%CITATION = HEP-EX/0205091;%%"
}


% H1 alphas in NNLO
@article{Andreev:2017vxu,
      author         = "Andreev, V. and others",
      title          = "{Determination of the strong coupling constant $\alpha_s(m_Z)$ in next-to-next-to-leading order QCD using H1 jet cross section measurements}",
      collaboration  = "H1",
      journal        = "Eur. Phys. J.",
      volume         = "C77",
      year           = "2017",
      number         = "11",
      pages          = "791",
      doi            = "10.1140/epjc/s10052-017-5314-7",
      eprint         = "1709.07251",
      archivePrefix  = "arXiv",
      primaryClass   = "hep-ex",
      reportNumber   = "DESY-17-137",
      SLACcitation   = "%%CITATION = ARXIV:1709.07251;%%"
}

% LEP-II combination
@article{Schael:2013ita,
     author         = "Schael, S. and others",
     title          = "{Electroweak measurements in electron-positron collisions at $W$-boson-pair energies at LEP}",
     collaboration  = "DELPHI, OPAL, LEP Electroweak, ALEPH, L3",
     journal        = "Phys. Rept.",
     volume         = "532",
     year           = "2013",
     pages          = "119",
     doi            = "10.1016/j.physrep.2013.07.004",
     eprint         = "1302.3415",
     archivePrefix  = "arXiv",
     primaryClass   = "hep-ex",
     reportNumber   = "CERN-PH-EP-2013-022",
     SLACcitation   = "%%CITATION = ARXIV:1302.3415;%%"
}

@article{Aaboud:2017svj,
      author         = "Aaboud, M. and others",
      title          = "{Measurement of the $W$-boson mass in $pp$ collisions at
                        $\sqrt{s}=7$ TeV with the ATLAS detector}",
      collaboration  = "ATLAS",
      journal        = "Eur. Phys. J.",
      volume         = "C78",
      year           = "2018",
      number         = "2",
      pages          = "110",
      doi            = "10.1140/epjc/s10052-017-5475-4",
      eprint         = "1701.07240",
      archivePrefix  = "arXiv",
      primaryClass   = "hep-ex",
      reportNumber   = "CERN-EP-2016-305",
      SLACcitation   = "%%CITATION = ARXIV:1701.07240;%%"
}

@article{Abdallah:2008ad,
      author         = "Abdallah, J. and others",
      title          = "{Measurement of the mass and width of the $W$ boson in
                        $e^{+} e^{-}$ collisions at $\sqrt{s} = 161$ GeV -
                        209 GeV}",
      collaboration  = "DELPHI",
      journal        = "Eur. Phys. J.",
      volume         = "C55",
      year           = "2008",
      pages          = "1",
      doi            = "10.1140/epjc/s10052-008-0585-7",
      eprint         = "0803.2534",
      archivePrefix  = "arXiv",
      primaryClass   = "hep-ex",
      reportNumber   = "CERN-PH-EP-2007-026",
      SLACcitation   = "%%CITATION = ARXIV:0803.2534;%%"
}

@article{Barate:1997bf,
      author         = "Barate, R. and others",
      title          = "{Measurement of the $W$ pair cross-section in $e^+ e^-$
                        collisions at 172 GeV}",
      collaboration  = "ALEPH",
      journal        = "Phys. Lett.",
      volume         = "B415",
      year           = "1997",
      pages          = "435",
      doi            = "10.1016/S0370-2693(97)01266-5",
      reportNumber   = "CERN-PPE-97-102, FSU-SCRI-98-13",
      SLACcitation   = "%%CITATION = PHLTA,B415,435;%%"
}
@article{Acciarri:1997ra,
      author         = "Acciarri, M. and others",
      title          = "{Measurement of $W$ pair cross-sections in $e^{+} e^{-}$
                        interactions at $\sqrt{s} = 172$ GeV and $W$ decay
                        branching fractions}",
      collaboration  = "L3",
      journal        = "Phys. Lett.",
      volume         = "B407",
      year           = "1997",
      pages          = "419",
      doi            = "10.1016/S0370-2693(97)00802-2",
      reportNumber   = "CERN-PPE-97-067, CERN-PPE-97-67",
      SLACcitation   = "%%CITATION = PHLTA,B407,419;%%"
}
@article{Ackerstaff:1996nk,
      author         = "Ackerstaff, K. and others",
      title          = "{Measurement of the mass of the $W$ boson in $e^{+}
                        e^{-}$ collisions at $\sqrt{s} = 161$ GeV}",
      collaboration  = "OPAL",
      journal        = "Phys. Lett.",
      volume         = "B389",
      year           = "1996",
      pages          = "416",
      doi            = "10.1016/S0370-2693(96)01452-9",
      reportNumber   = "CERN-PPE-96-141",
      SLACcitation   = "%%CITATION = PHLTA,B389,416;%%"
}

% top mass measurements (feb 2018)
@article{Aad:2015nba,
      author         = "Aad, G. and others",
      title          = "{Measurement of the top quark mass in the
                        $t\bar{t}\rightarrow \text{ lepton+jets } $ and
                        $t\bar{t}\rightarrow \text{ dilepton } $ channels using
                        $\sqrt{s}=7$   ${\mathrm { TeV}}$ ATLAS data}",
      collaboration  = "ATLAS",
      journal        = "Eur. Phys. J.",
      volume         = "C75",
      year           = "2015",
      number         = "7",
      pages          = "330",
      doi            = "10.1140/epjc/s10052-015-3544-0",
      eprint         = "1503.05427",
      archivePrefix  = "arXiv",
      primaryClass   = "hep-ex",
      reportNumber   = "CERN-PH-EP-2015-050",
      SLACcitation   = "%%CITATION = ARXIV:1503.05427;%%"
}

@article{Khachatryan:2015hba,
      author         = "Khachatryan, V. and others",
      title          = "{Measurement of the top quark mass using proton-proton
                        data at ${\sqrt{s}} = 7$ and 8 TeV}",
      collaboration  = "CMS",
      journal        = "Phys. Rev.",
      volume         = "D93",
      year           = "2016",
      number         = "7",
      pages          = "072004",
      doi            = "10.1103/PhysRevD.93.072004",
      eprint         = "1509.04044",
      archivePrefix  = "arXiv",
      primaryClass   = "hep-ex",
      reportNumber   = "CMS-TOP-14-022, CERN-PH-EP-2015-234",
      SLACcitation   = "%%CITATION = ARXIV:1509.04044;%%"
}


@article{Sirunyan:2017idq,
      author         = "Sirunyan, A. M. and others",
      title          = "{Measurement of the top quark mass in the dileptonic
                        $t\bar{t}$ decay channel
                         using the mass observables
                        $M_{b\ell}$, $M_{T2}$, and $M_{b\ell\nu}$ in $pp$ collisions 
                        at $\sqrt{s}=8$ TeV}",
      collaboration  = "CMS",
      journal        = "Phys. Rev.",
      volume         = "D96",
      year           = "2017",
      number         = "3",
      pages          = "032002",
      doi            = "10.1103/PhysRevD.96.032002",
      eprint         = "1704.06142",
      archivePrefix  = "arXiv",
      primaryClass   = "hep-ex",
      reportNumber   = "CMS-TOP-15-008, CERN-EP-2017-050",
      SLACcitation   = "%%CITATION = ARXIV:1704.06142;%%"
}

@article{Aaboud:2017mae,
      author         = "Aaboud, M. and others",
      title          = "{Top-quark mass measurement in the all-hadronic $
                        t\overline{t} $ decay channel at $ \sqrt{s}=8 $ TeV with
                        the ATLAS detector}",
      collaboration  = "ATLAS",
      journal        = "JHEP",
      volume         = "09",
      year           = "2017",
      pages          = "118",
      doi            = "10.1007/JHEP09(2017)118",
      eprint         = "1702.07546",
      archivePrefix  = "arXiv",
      primaryClass   = "hep-ex",
      reportNumber   = "CERN-EP-2016-264",
      SLACcitation   = "%%CITATION = ARXIV:1702.07546;%%"
}

@article{CMS-PAS-TOP-17-007,
      author         = "CMS Collaboration",
      title          = "{Measurement of the top quark mass with lepton+jets final
                        states in pp collisions at $\sqrt{s}=13~\mathrm{TeV}$}",
      collaboration  = "CMS",
      year           = "2017",
      reportNumber   = "CMS-PAS-TOP-17-007",
      SLACcitation   = "%%CITATION = CMS-PAS-TOP-17-007;%%"
}

@techreport{CMS:2017eoz,
      title         = "{Measurement of the top quark mass with lepton+jets final
                       states in $pp$ collisions at $\sqrt{s}=13~\mathrm{TeV}$}",
      institution   = "CERN",
      collaboration = "CMS",
      address       = "Geneva",
      number        = "CMS-PAS-TOP-17-007",
      year          = "2017",
      reportNumber  = "CMS-PAS-TOP-17-007",
      url           = "https://cds.cern.ch/record/2284594",
}

@article{TevatronElectroweakWorkingGroup:2016lid,
      author         = "Tevatron Electroweak Working Group and Aaltonen, T.",
      title          = "{Combination of CDF and D0 results on the mass of the top
                        quark using up $9.7\:{\rm fb}^{-1}$ at the Tevatron}",
      collaboration  = "CDF and D0",
      year           = "2016",
      eprint         = "1608.01881",
      archivePrefix  = "arXiv",
      primaryClass   = "hep-ex",
      reportNumber   = "FERMILAB-CONF-16-298-E",
      SLACcitation   = "%%CITATION = ARXIV:1608.01881;%%"
}

%% LEP-I combination
@article{ALEPH:2005ab,
      author         = "Schael, S. and others",
      title          = "{Precision electroweak measurements on the $Z$
                        resonance}",
      collaboration  = "SLD Electroweak Group, DELPHI, ALEPH, SLD, SLD Heavy
                        Flavour Group, OPAL, LEP Electroweak Working Group, L3",
      journal        = "Phys. Rept.",
      volume         = "427",
      year           = "2006",
      pages          = "257",
      doi            = "10.1016/j.physrep.2005.12.006",
      eprint         = "hep-ex/0509008",
      archivePrefix  = "arXiv",
      primaryClass   = "hep-ex",
      reportNumber   = "SLAC-R-774",
      SLACcitation   = "%%CITATION = HEP-EX/0509008;%%"
}

% D0 weak neutral couplings
@article{Abazov:2011ws,
      author         = "Abazov, V. M. and others",
      title          = "{Measurement of $\sin^2\theta_{\rm eff}^{\ell}$ and
                        $Z$-light quark couplings using the forward-backward
                        charge asymmetry in $p\bar{p} \to Z/\gamma^{*} \to
                        e^{+}e^{-}$ events with ${\cal L}=5.0$ fb$^{-1}$ at
                        $\sqrt{s}=1.96$ TeV}",
      collaboration  = "D0",
      journal        = "Phys. Rev.",
      volume         = "D84",
      year           = "2011",
      pages          = "012007",
      doi            = "10.1103/PhysRevD.84.012007",
      eprint         = "1104.4590",
      archivePrefix  = "arXiv",
      primaryClass   = "hep-ex",
      reportNumber   = "FERMILAB-PUB-11-190-E",
      SLACcitation   = "%%CITATION = ARXIV:1104.4590;%%"
}


% H1 homepage for additional material
@misc{H1homepage,
      author         = "",
      title          = "H1 homepage. URL to be added",
}

@inproceedings{Buchmuller:1991vi,
      author         = "Buchmuller, W. and Haidt, D. and Hollik, W.",
      title          = "{Electroweak physics}",
      booktitle      = "{Workshop on physics at HERA Hamburg, Germany, October
                        29-30, 1991}",
      year           = "1991",
      pages          = "919",
      SLACcitation   = "%%CITATION = INSPIRE-326859;%%"
}

@inproceedings{Hollik:1992bz,
      author         = "Hollik, W. and Bardin, D. {\relax Yu}. and Bl{\"u}mlein,
                        J. and Kniehl, B. A. and Riemann, T. and Spiesberger,
                        H.",
      title          = "{Electroweak parameters at HERA: Theoretical aspects}",
      booktitle      = "{Workshop on physics at HERA Hamburg, Germany, October
                        29-30, 1991}",
      year           = "1992",
      pages          = "923",
      reportNumber   = "MPI-PH-92-30",
      SLACcitation   = "%%CITATION = MPI-PH-92-30;%%"
}

@article{Hollik:1989fy,
      author         = "Hollik, W.",
      title          = "{Electroweak radiative corrections in deep inelastic electron - proton scattering}",
      booktitle      = "{Workshop on radiative corrections: results and
                        perspectives, Brighton, England, July 9-14, 1989}",
      journal        = "NATO Sci. Ser. B",
      volume         = "233",
      year           = "1990",
      pages          = "467",
      reportNumber   = "CERN-TH-5547/89",
      SLACcitation   = "%%CITATION = CERN-TH-5547/89;%%"
}

@inproceedings{Heinemann:1998kk,
      author         = "Heinemann, B. and Riess, S. and Spiesberger, H.",
      title          = "{Radiative corrections for charged current scattering: A
                        comparison of computer codes}",
      booktitle      = "{Monte Carlo generators for HERA physics. Proceedings,
                        Workshop, Hamburg, Germany, 1998-1999}",
      year           = "1998",
      pages          = "530",
      SLACcitation   = "%%CITATION = INSPIRE-486069;%%"
}

@article{Klein:1983vs,
      author         = "Klein, M. and Riemann, T.",
      title          = "{Electroweak interactions probing the nucleon structure}",
      journal        = "Z. Phys.",
      volume         = "C24",
      year           = "1984",
      pages          = "151",
      doi            = "10.1007/BF01571719",
      reportNumber   = "PHE 83-08",
      SLACcitation   = "%%CITATION = ZEPYA,C24,151;%%"
}

@inproceedings{Blumlein:1987fd,
      author         = "Bl{\"u}mlein, J. and Klein, M. and Riemann, T.",
      title          = "{Testing the electroweak Standard Model at HERA}",
      booktitle      = "{Physics at future accelerators, Proceedings, 10th Warsaw symposium on elementary particle physics, Kazimierz, Poland, May 24-30, 1987}",
      year           = "1987",
      pages          = "39",
      reportNumber   = "PHE-87-03",
      SLACcitation   = "%%CITATION = PHE-87-03;%%"
}


@article{Sirlin:1983ys,
      author         = "Sirlin, A.",
      title          = "{On the ${\cal O}(\alpha^2)$ corrections to $\tau_\mu$, $m_W$, $m_Z$
                        in the SU(2)$_{\rm L} \times$ U(1) theory}",
      journal        = "Phys. Rev.",
      volume         = "D29",
      year           = "1984",
      pages          = "89",
      doi            = "10.1103/PhysRevD.29.89",
      reportNumber   = "RU 82/B/60",
      SLACcitation   = "%%CITATION = PHRVA,D29,89;%%"
}

@article{Marciano:1980pb,
      author         = "Marciano, W. J. and Sirlin, A.",
      title          = "{Radiative corrections to neutrino induced neutral
                        current phenomena in the SU(2)$_{\rm L} \times$ U(1) theory}",
      journal        = "Phys. Rev.",
      volume         = "D22",
      year           = "1980",
      pages          = "2695",
      doi            = "10.1103/PhysRevD.31.213, 10.1103/PhysRevD.22.2695",
      note           = "[Erratum: Phys. Rev. D31 (1985) 213]",
      reportNumber   = "COO-2232B-206",
      SLACcitation   = "%%CITATION = PHRVA,D22,2695;%%"
}

@article{Bardin:1988by,
      author         = "Bardin, D. {\relax Yu}. and Burdik, C. and Khristova, P.
                        Ch. and Riemann, T.",
      title          = "{Electroweak radiative corrections to deep inelastic scattering at HERA, neutral current scattering}",
      journal        = "Z. Phys.",
      volume         = "C42",
      year           = "1989",
      pages          = "679",
      doi            = "10.1007/BF01557676",
      reportNumber   = "PHE-88-15",
      SLACcitation   = "%%CITATION = ZEPYA,C42,679;%%"
}

@article{Bohm:1986na,
      author         = "B{\"o}hm, M. and Spiesberger, H.",
      title          = "{Radiative corrections to neutral current deep inelastic lepton nucleon scattering at HERA energies}",
      journal        = "Nucl. Phys.",
      volume         = "B294",
      year           = "1987",
      pages          = "1081",
      doi            = "10.1016/0550-3213(87)90624-9",
      reportNumber   = "Print-87-0119 (WURZBURG)",
      SLACcitation   = "%%CITATION = NUPHA,B294,1081;%%"
}

@inproceedings{Bardin:1987rz,
      author         = "Bardin, D. {\relax Yu}. and Burdik, C. and Khristova, P.
                        Kh. and Riemann, T.",
      title          = "{Study of electroweak radiative corrections to deep inelastic scattering at HERA}",
      booktitle      = "{DESY workshop 1987: Physics at HERA Hamburg, Germany,
                        October 12-14, 1987}",
      url            = "http://inspirehep.net/record/253517/files/JINR-E2-87-595.pdf",
      year           = "1987",
      reportNumber   = "JINR-E2-87-595",
      SLACcitation   = "%%CITATION = JINR-E2-87-595;%%"
}
@article{Hollik:1988ii,
      author         = "Hollik, W. F. L.",
      title          = "{Radiative corrections in the Standard Model and their
                        role for precision tests of the electroweak theory}",
      journal        = "Fortsch. Phys.",
      volume         = "38",
      year           = "1990",
      pages          = "165",
      doi            = "10.1002/prop.2190380302",
      reportNumber   = "DESY-88-188",
      SLACcitation   = "%%CITATION = FPYKA,38,165;%%"
}

@article{Bohm:1987cg,
      author         = "B{\"o}hm, M. and Spiesberger, H.",
      title          = "{Radiative corrections to charged current deep inelastic electron - proton scattering at HERA}",
      journal        = "Nucl. Phys.",
      volume         = "B304",
      year           = "1988",
      pages          = "749",
      doi            = "10.1016/0550-3213(88)90652-9",
      reportNumber   = "PRINT-88-0076 (WURZBURG)",
      SLACcitation   = "%%CITATION = NUPHA,B304,749;%%"
}

@article{Bardin:1989vz,
      author         = "Bardin, D. {\relax Yu}. and Burdik, K. C. and Khristova,
                        P. Kh. and Riemann, T.",
      title          = "{Electroweak radiative corrections to deep inelastic scattering at HERA, charged current scattering}",
      journal        = "Z. Phys.",
      volume         = "C44",
      year           = "1989",
      pages          = "149",
      doi            = "10.1007/BF01548593",
      reportNumber   = "JINR-E2-89-145",
      SLACcitation   = "%%CITATION = ZEPYA,C44,149;%%"
}


@article{Sirlin:1980nh,
      author         = "Sirlin, A.",
      title          = "{Radiative corrections in the SU(2)$_{\rm L} \times$ U(1) theory: A
                        simple renormalization framework}",
      journal        = "Phys. Rev.",
      volume         = "D22",
      year           = "1980",
      pages          = "971",
      doi            = "10.1103/PhysRevD.22.971",
      reportNumber   = "PRINT-80-0267 (IAS,PRINCETON)",
      SLACcitation   = "%%CITATION = PHRVA,D22,971;%%"
}


@article{Bohm:1986rj,
      author         = "B{\"o}hm, M. and Spiesberger, H. and Hollik, W.",
      title          = "{On the one loop renormalization of the electroweak
                        Standard Model and its application to leptonic processes}",
      journal        = "Fortsch. Phys.",
      volume         = "34",
      year           = "1986",
      pages          = "687",
      doi            = "10.1002/prop.19860341102",
      SLACcitation   = "%%CITATION = FPYKA,34,687;%%"
}

% NNLO QCD for DIS
@article{Vogt:2004mw,
      author         = "Vogt, A. and Moch, S. and Vermaseren, J. A. M.",
      title          = "{The three-loop splitting functions in QCD: The singlet
                        case}",
      journal        = "Nucl. Phys.",
      volume         = "B691",
      year           = "2004",
      pages          = "129",
      doi            = "10.1016/j.nuclphysb.2004.04.024",
      eprint         = "hep-ph/0404111",
      archivePrefix  = "arXiv",
      primaryClass   = "hep-ph",
      reportNumber   = "NIKHEF-04-004, DESY-04-060, SFB-CPP-04-12",
      SLACcitation   = "%%CITATION = HEP-PH/0404111;%%"
}

@article{Moch:2004pa,
      author         = "Moch, S. and Vermaseren, J. A. M. and Vogt, A.",
      title          = "{The three loop splitting functions in QCD: The
                        nonsinglet case}",
      journal        = "Nucl. Phys.",
      volume         = "B688",
      year           = "2004",
      pages          = "101",
      doi            = "10.1016/j.nuclphysb.2004.03.030",
      eprint         = "hep-ph/0403192",
      archivePrefix  = "arXiv",
      primaryClass   = "hep-ph",
      reportNumber   = "DESY-04-047, SFB-CPP-04-09, NIKHEF-04-001",
      SLACcitation   = "%%CITATION = HEP-PH/0403192;%%"
}

@article{Spiesberger:1993jg,
      author         = "Spiesberger, H.",
      title          = "{Precision electroweak tests at HERA}",
      journal        = "Adv. Ser. Direct. High Energy Phys.",
      volume         = "14",
      year           = "1995",
      pages          = "626",
      doi            = "10.1142/9789814503662_0016",
      reportNumber   = "BI-TP-93-03",
      SLACcitation   = "%%CITATION = 00319,14,626;%%"
}

@article{Charchula:1994kf,
      author         = "Charchula, K. and Schuler, G. A. and Spiesberger, H.",
      title          = "{Combined QED and QCD radiative effects in deep inelastic
                        lepton - proton scattering: The Monte Carlo generator
                        DJANGO6}",
      journal        = "Comput. Phys. Commun.",
      volume         = "81",
      year           = "1994",
      pages          = "381",
      doi            = "10.1016/0010-4655(94)90086-8",
      reportNumber   = "CERN-TH-7133-94",
      SLACcitation   = "%%CITATION = CPHCB,81,381;%%"
}

@article{Kwiatkowski:1990es,
      author         = "Kwiatkowski, A. and Spiesberger, H. and M{\"o}hring, H. J.",
      title          = "{Heracles: An event generator for $e p$ interactions at
                        {HERA} energies including radiative processes: Version
                        1.0}",
      booktitle      = "{Comput. Phys. Commun. 69 (1992) 155-172 and Hamburg DESY
                        - DESY 90-041 (90,rec.May) 16 p}",
      journal        = "Comput. Phys. Commun.",
      volume         = "69",
      year           = "1992",
      pages          = "155",
      doi            = "10.1016/0010-4655(92)90136-M",
      reportNumber   = "DESY-90-041",
      SLACcitation   = "%%CITATION = CPHCB,69,155;%%"
}
@article{CooperSarkar:1998ug,
      author         = "Cooper-Sarkar, Amanda M. and Bodek, A. and Long, K. and
                        Rizvi, E. and Spiesberger, H.",
      title          = "{High $Q^{2}$ deep inelastic scattering at HERA}",
      booktitle      = "{HERA physics. Proceedings, 3rd UK Phenomenology
                        Workshop, Durham, UK, September 20-25, 1998}",
      journal        = "J. Phys.",
      volume         = "G25",
      year           = "1999",
      pages          = "1387",
      doi            = "10.1088/0954-3899/25/7/316",
      eprint         = "hep-ph/9902277",
      archivePrefix  = "arXiv",
      primaryClass   = "hep-ph",
      reportNumber   = "OUNP-99-04, MZ-TH-99-02",
      SLACcitation   = "%%CITATION = HEP-PH/9902277;%%"
}

@article{Haidt:2015bgg,
      author         = "Haidt, Dieter",
      title          = "{The discovery of weak neutral currents}",
      journal        = "Adv. Ser. Direct. High Energy Phys.",
      volume         = "23",
      year           = "2015",
      pages          = "165",
      doi            = "10.1142/9789814644150_0007",
      SLACcitation   = "%%CITATION = 00319,23,165;%%"
}

@article{Adloff:1997mf,
      author         = "Adloff, C. and others",
      title          = "{A measurement of the proton structure function $F_2 (x,
                        Q^2)$ at low $x$ and low $Q^2$ at HERA}",
      collaboration  = "H1",
      journal        = "Nucl. Phys.",
      volume         = "B497",
      year           = "1997",
      pages          = "3",
      doi            = "10.1016/S0550-3213(97)00301-5",
      eprint         = "hep-ex/9703012",
      archivePrefix  = "arXiv",
      primaryClass   = "hep-ex",
      reportNumber   = "DESY-97-042",
      SLACcitation   = "%%CITATION = HEP-EX/9703012;%%"
}
@article{Adloff:2000qk,
      author         = "Adloff, C. and others",
      title          = "{Deep inelastic inclusive $e p$ scattering at low $x$ and a
                        determination of $\alpha_s$}",
      collaboration  = "H1",
      journal        = "Eur. Phys. J.",
      volume         = "C21",
      year           = "2001",
      pages          = "33",
      doi            = "10.1007/s100520100720",
      eprint         = "hep-ex/0012053",
      archivePrefix  = "arXiv",
      primaryClass   = "hep-ex",
      reportNumber   = "DESY-00-181",
      SLACcitation   = "%%CITATION = HEP-EX/0012053;%%"
}
@article{Aaron:2009bp,
      author         = "Aaron, F. D. and others",
      title          = "{Measurement of the inclusive $ep$ scattering cross section
                        at low $Q^2$ and $x$ at HERA}",
      collaboration  = "H1",
      journal        = "Eur. Phys. J.",
      volume         = "C63",
      year           = "2009",
      pages          = "625",
      doi            = "10.1140/epjc/s10052-009-1128-6",
      eprint         = "0904.0929",
      archivePrefix  = "arXiv",
      primaryClass   = "hep-ex",
      reportNumber   = "DESY-08-171, DESY08-171",
      SLACcitation   = "%%CITATION = ARXIV:0904.0929;%%"
}
@article{Aaron:2009kv,
      author         = "Aaron, F. D. and others",
      title          = "{A precision measurement of the inclusive $ep$ scattering
                        cross section at HERA}",
      collaboration  = "H1",
      journal        = "Eur. Phys. J.",
      volume         = "C64",
      year           = "2009",
      pages          = "561",
      doi            = "10.1140/epjc/s10052-009-1169-x",
      eprint         = "0904.3513",
      archivePrefix  = "arXiv",
      primaryClass   = "hep-ex",
      reportNumber   = "DESY-09-005, DESY09-005",
      SLACcitation   = "%%CITATION = ARXIV:0904.3513;%%"
}
@article{Aaron:2012kn,
      author         = "Aaron, F. D. and others",
      title          = "{Determination of the integrated luminosity at HERA using
                        elastic QED Compton events}",
      collaboration  = "H1",
      journal        = "Eur. Phys. J.",
      volume         = "C72",
      year           = "2012",
      pages          = "2163",
      doi            = "10.1140/epjc/s10052-014-2733-6,
                        10.1140/epjc/s10052-012-2163-2",
      note           = "[Erratum: Eur. Phys. J. C74 (2012) 2733]",
      eprint         = "1205.2448",
      archivePrefix  = "arXiv",
      primaryClass   = "hep-ex",
      reportNumber   = "DESY-12-062",
      SLACcitation   = "%%CITATION = ARXIV:1205.2448;%%"
}
@article{Ahmed:1994fa,
      author         = "Ahmed, T. and others",
      title          = "{First measurement of the charged current cross-section
                        at HERA}",
      collaboration  = "H1",
      journal        = "Phys. Lett.",
      volume         = "B324",
      year           = "1994",
      pages          = "241",
      doi            = "10.1016/0370-2693(94)90414-6",
      reportNumber   = "DESY-94-012",
      SLACcitation   = "%%CITATION = PHLTA,B324,241;%%"
}

@article{Hagiwara:1994pw,
      author         = "Hagiwara, Kaoru and Matsumoto, S. and Haidt, D. and Kim,
                        C. S.",
      title          = "{A novel approach to confront electroweak data and
                        theory}",
      journal        = "Z. Phys.",
      volume         = "C64",
      year           = "1994",
      pages          = "559",
      doi            = "10.1007/BF01957770",
      note           = "[Erratum: Z. Phys. C68 (1995) 352]",
      eprint         = "hep-ph/9409380",
      archivePrefix  = "arXiv",
      primaryClass   = "hep-ph",
      reportNumber   = "KEK-TH-375, KEK-PREPRINT-93-159, KANAZAWA-94-19,
                        DESY-94-002, YUMS-94-22, SNUTP-94-82",
      SLACcitation   = "%%CITATION = HEP-PH/9409380;%%"
}
@article{Hagiwara:1997zm,
      author         = "Hagiwara, Kaoru and Haidt, Dieter and Matsumoto, Seiji",
      title          = "{Analysis of electroweak precision data and prospects for
                        future improvements}",
      journal        = "Eur. Phys. J.",
      volume         = "C2",
      year           = "1998",
      pages          = "95",
      doi            = "10.1007/s100520050126",
      eprint         = "hep-ph/9706331",
      archivePrefix  = "arXiv",
      primaryClass   = "hep-ph",
      reportNumber   = "KEK-TH-512, KEK-PREPRINT-97-86, DESY-96-192",
      SLACcitation   = "%%CITATION = HEP-PH/9706331;%%"
}

@article{Tishchenko:2012ie,
      author         = "Tishchenko, V. and others",
      title          = "{Detailed report of the MuLan measurement of the positive
                        muon lifetime and determination of the Fermi constant}",
      collaboration  = "MuLan",
      journal        = "Phys. Rev.",
      volume         = "D87",
      year           = "2013",
      number         = "5",
      pages          = "052003",
      doi            = "10.1103/PhysRevD.87.052003",
      eprint         = "1211.0960",
      archivePrefix  = "arXiv",
      primaryClass   = "hep-ex",
      SLACcitation   = "%%CITATION = ARXIV:1211.0960;%%"
}

@article{Hasert:1973ff,
      author         = "Hasert, F. J. and others",
      title          = "{Observation of neutrino like interactions without muon
                        or electron in the Gargamelle neutrino experiment}",
      booktitle      = "{In *Cahn, R.N., Goldhaber, G.: The experimental
                        foundations of particle physics* 394-396, In *Winter, K.
                        (ed.): Neutrino physics* 110-114, In *Winter, K. (ed.):
                        Neutrino physics, 2nd ed.* 100-103, In *Lichtenberg, D.B.
                        (ed.), Rosen, S.P. (ed.): Developments In The Quark Theory
                        Of Hadrons, Vol. 1*, 201-203, In *Cline, D.B. (ed.): Weak
                        neutral currents* 5.15-5.17}",
      collaboration  = "Gargamelle Neutrino",
      journal        = "Phys. Lett.",
      volume         = "46B",
      year           = "1973",
      pages          = "138",
      doi            = "10.1016/0370-2693(73)90499-1",
      SLACcitation   = "%%CITATION = PHLTA,46B,138;%%"
}

@article{Glashow:1961tr,
      author         = "Glashow, S. L.",
      title          = "{Partial symmetries of weak interactions}",
      journal        = "Nucl. Phys.",
      volume         = "22",
      year           = "1961",
      pages          = "579",
      doi            = "10.1016/0029-5582(61)90469-2",
      SLACcitation   = "%%CITATION = NUPHA,22,579;%%"
}
@article{Weinberg:1967tq,
      author         = "Weinberg, Steven",
      title          = "{A model of leptons}",
      journal        = "Phys. Rev. Lett.",
      volume         = "19",
      year           = "1967",
      pages          = "1264",
      doi            = "10.1103/PhysRevLett.19.1264",
      SLACcitation   = "%%CITATION = PRLTA,19,1264;%%"
}
@article{Weinberg:1971fb,
      author         = "Weinberg, Steven",
      title          = "{Physical processes in a convergent theory of the weak
                        and electromagnetic interactions}",
      journal        = "Phys. Rev. Lett.",
      volume         = "27",
      year           = "1971",
      pages          = "1688",
      doi            = "10.1103/PhysRevLett.27.1688",
      SLACcitation   = "%%CITATION = PRLTA,27,1688;%%"
}
@article{Weinberg:1972tu,
      author         = "Weinberg, Steven",
      title          = "{Effects of a neutral intermediate boson in semileptonic
                        processes}",
      journal        = "Phys. Rev.",
      volume         = "D5",
      year           = "1972",
      pages          = "1412",
      doi            = "10.1103/PhysRevD.5.1412",
      SLACcitation   = "%%CITATION = PHRVA,D5,1412;%%"
}
@article{Salam:1964ry,
      author         = "Salam, Abdus and Ward, John Clive",
      title          = "{Electromagnetic and weak interactions}",
      journal        = "Phys. Lett.",
      volume         = "13",
      year           = "1964",
      pages          = "168",
      doi            = "10.1016/0031-9163(64)90711-5",
      SLACcitation   = "%%CITATION = PHLTA,13,168;%%"
}
@article{Higgs:1964ia,
      author         = "Higgs, Peter W.",
      title          = "{Broken symmetries, massless particles and gauge fields}",
      journal        = "Phys. Lett.",
      volume         = "12",
      year           = "1964",
      pages          = "132",
      doi            = "10.1016/0031-9163(64)91136-9",
      SLACcitation   = "%%CITATION = PHLTA,12,132;%%"
}
@article{Higgs:1964pj,
      author         = "Higgs, Peter W.",
      title          = "{Broken symmetries and the masses of gauge bosons}",
      journal        = "Phys. Rev. Lett.",
      volume         = "13",
      year           = "1964",
      pages          = "508",
      doi            = "10.1103/PhysRevLett.13.508",
      SLACcitation   = "%%CITATION = PRLTA,13,508;%%"
}
@article{Englert:1964et,
      author         = "Englert, F. and Brout, R.",
      title          = "{Broken symmetry and the mass of gauge vector mesons}",
      journal        = "Phys. Rev. Lett.",
      volume         = "13",
      year           = "1964",
      pages          = "321",
      doi            = "10.1103/PhysRevLett.13.321",
      SLACcitation   = "%%CITATION = PRLTA,13,321;%%"
}
@article{Aaltonen:2018dxj,
      author         = "Aaltonen, Timo Antero and others",
      title          = "{Tevatron Run II combination of the effective leptonic
                        electroweak mixing angle}",
      collaboration  = "CDF, D0",
      year           = "2018",
      eprint         = "1801.06283",
      archivePrefix  = "arXiv",
      primaryClass   = "hep-ex",
      reportNumber   = "FERMILAB-PUB-18-015-E",
      SLACcitation   = "%%CITATION = ARXIV:1801.06283;%%"
}
@article{Aad:2015uau,
      author         = "Aad, Georges and others",
      title          = "{Measurement of the forward-backward asymmetry of
                        electron and muon pair-production in $pp$ collisions at
                        $\sqrt{s}$ = 7 TeV with the ATLAS detector}",
      collaboration  = "ATLAS",
      journal        = "JHEP",
      volume         = "09",
      year           = "2015",
      pages          = "049",
      doi            = "10.1007/JHEP09(2015)049",
      eprint         = "1503.03709",
      archivePrefix  = "arXiv",
      primaryClass   = "hep-ex",
      reportNumber   = "CERN-PH-EP-2014-259",
      SLACcitation   = "%%CITATION = ARXIV:1503.03709;%%"
}
@article{Chatrchyan:2011ya,
      author         = "Chatrchyan, Serguei and others",
      title          = "{Measurement of the weak mixing angle with the Drell-Yan
                        process in proton-proton collisions at the LHC}",
      collaboration  = "CMS",
      journal        = "Phys. Rev.",
      volume         = "D84",
      year           = "2011",
      pages          = "112002",
      doi            = "10.1103/PhysRevD.84.112002",
      eprint         = "1110.2682",
      archivePrefix  = "arXiv",
      primaryClass   = "hep-ex",
      reportNumber   = "CMS-EWK-11-003, CERN-PH-EP-2011-159",
      SLACcitation   = "%%CITATION = ARXIV:1110.2682;%%"
}
@article{Aaij:2015lka,
      author         = "Aaij, Roel and others",
      title          = "{Measurement of the forward-backward asymmetry in
                        $Z/\gamma^{\ast} \rightarrow \mu^{+}\mu^{-}$ decays and
                        determination of the effective weak mixing angle}",
      collaboration  = "LHCb",
      journal        = "JHEP",
      volume         = "11",
      year           = "2015",
      pages          = "190",
      doi            = "10.1007/JHEP11(2015)190",
      eprint         = "1509.07645",
      archivePrefix  = "arXiv",
      primaryClass   = "hep-ex",
      reportNumber   = "LHCB-PAPER-2015-039, CERN-PH-EP-2015-250",
      SLACcitation   = "%%CITATION = ARXIV:1509.07645;%%"
}
@article{Denner:1991kt,
      author         = "Denner, Ansgar",
      title          = "{Techniques for calculation of electroweak radiative
                        corrections at the one loop level and results for W
                        physics at LEP-200}",
      journal        = "Fortsch. Phys.",
      volume         = "41",
      year           = "1993",
      pages          = "307",
      doi            = "10.1002/prop.2190410402",
      eprint         = "0709.1075",
      archivePrefix  = "arXiv",
      primaryClass   = "hep-ph",
      reportNumber   = "PRINT-91-0349 (WURZBURG)",
      SLACcitation   = "%%CITATION = ARXIV:0709.1075;%%"
}
@inproceedings{Beyer:1995pw,
      author         = "Beyer, R. and Elsen, E. and Riess, S. and Zetsche, F. and
                        Spiesberger, H.",
      title          = "{Electroweak precision tests with deep inelastic
                        scattering at HERA}",
      booktitle      = "{Future physics at HERA. Proceedings, Workshop, Hamburg,
                        Germany, September 25, 1995-May 31, 1996. Vol. 1, 2}",
      year           = "1995",
      SLACcitation   = "%%CITATION = INSPIRE-409190;%%"
}
@article{Prescott:1978tm,
      author         = "Prescott, C. Y. and others",
      title          = "{Parity Nonconservation in Inelastic Electron
                        Scattering}",
      journal        = "Phys. Lett.",
      volume         = "77B",
      year           = "1978",
      pages          = "347",
      doi            = "10.1016/0370-2693(78)90722-0",
      reportNumber   = "SLAC-PUB-2148",
      SLACcitation   = "%%CITATION = PHLTA,77B,347;%%"
}
@article{Prescott:1979dh,
      author         = "Prescott, C. Y. and others",
      title          = "{Further Measurements of Parity Nonconservation in
                        Inelastic electron Scattering}",
      journal        = "Phys. Lett.",
      volume         = "84B",
      year           = "1979",
      pages          = "524",
      doi            = "10.1016/0370-2693(79)91253-X",
      reportNumber   = "SLAC-PUB-2319",
      SLACcitation   = "%%CITATION = PHLTA,84B,524;%%"
}
@article{McFarland:1997wx,
      author         = "McFarland, Kevin Scott and others",
      title          = "{A Precision measurement of electroweak parameters in
                        neutrino - nucleon scattering}",
      collaboration  = "E770, E744, CCFR",
      journal        = "Eur. Phys. J.",
      volume         = "C1",
      year           = "1998",
      pages          = "509",
      doi            = "10.1007/s100520050099",
      eprint         = "hep-ex/9701010",
      archivePrefix  = "arXiv",
      primaryClass   = "hep-ex",
      reportNumber   = "FERMILAB-PUB-97-001-E, FNAL-PUB-97-001-E",
      SLACcitation   = "%%CITATION = HEP-EX/9701010;%%"
}
@article{Allaby:1987vr,
      author         = "Allaby, J. V. and others",
      title          = "{A Precise Determination of the Electroweak Mixing Angle
                        from Semileptonic Neutrino Scattering}",
      collaboration  = "CHARM",
      journal        = "Z. Phys.",
      volume         = "C36",
      year           = "1987",
      pages          = "611",
      doi            = "10.1007/BF01630598",
      reportNumber   = "CERN-EP-87-140",
      SLACcitation   = "%%CITATION = ZEPYA,C36,611;%%"
}
@article{Blondel:1989ev,
      author         = "Blondel, A. and others",
      title          = "{Electroweak Parameters From a High Statistics Neutrino
                        Nucleon Scattering Experiment}",
      journal        = "Z. Phys.",
      volume         = "C45",
      year           = "1990",
      pages          = "361",
      doi            = "10.1007/BF01549665",
      reportNumber   = "CERN-EP-89-101",
      SLACcitation   = "%%CITATION = ZEPYA,C45,361;%%"
}
@article{Fogli:1988tv,
      author         = "Fogli, Gian Luigi and Haidt, D.",
      title          = "{Structure of the Hadronic Neutral Current and Parameters
                        of the Standard Model from an Analysis of the Neutrino
                        Induced Deep Inelastic Scattering}",
      journal        = "Z. Phys.",
      volume         = "C40",
      year           = "1988",
      pages          = "379",
      doi            = "10.1007/BF01548853",
      reportNumber   = "BA-TH-2-88",
      SLACcitation   = "%%CITATION = ZEPYA,C40,379;%%"
}
@article{Zeller:2001hh,
      author         = "Zeller, G. P. and others",
      title          = "{A Precise determination of electroweak parameters in
                        neutrino nucleon scattering}",
      collaboration  = "NuTeV",
      journal        = "Phys. Rev. Lett.",
      volume         = "88",
      year           = "2002",
      pages          = "091802",
      doi            = "10.1103/PhysRevLett.88.091802,
                        10.1103/PhysRevLett.90.239902",
      note           = "[Erratum: Phys. Rev. Lett. 90 (2003) 239902]",
      eprint         = "hep-ex/0110059",
      archivePrefix  = "arXiv",
      primaryClass   = "hep-ex",
      reportNumber   = "FERMILAB-PUB-01-341-E",
      SLACcitation   = "%%CITATION = HEP-EX/0110059;%%"
}
@article{Aaltonen:2012bp,
      author         = "Aaltonen, T. and others",
      title          = "{Precise measurement of the $W$-boson mass with the CDF
                        II detector}",
      collaboration  = "CDF",
      journal        = "Phys. Rev. Lett.",
      volume         = "108",
      year           = "2012",
      pages          = "151803",
      doi            = "10.1103/PhysRevLett.108.151803",
      eprint         = "1203.0275",
      archivePrefix  = "arXiv",
      primaryClass   = "hep-ex",
      reportNumber   = "FERMILAB-PUB-12-061-E",
      SLACcitation   = "%%CITATION = ARXIV:1203.0275;%%"
}
@article{Aaltonen:2013vwa,
      author         = "Aaltonen, Timo Antero and others",
      title          = "{Precise measurement of the W -boson mass with the
                        Collider Detector at Fermilab}",
      collaboration  = "CDF",
      journal        = "Phys. Rev.",
      volume         = "D89",
      year           = "2014",
      number         = "7",
      pages          = "072003",
      doi            = "10.1103/PhysRevD.89.072003",
      eprint         = "1311.0894",
      archivePrefix  = "arXiv",
      primaryClass   = "hep-ex",
      reportNumber   = "FERMILAB-PUB-13-515-E",
      SLACcitation   = "%%CITATION = ARXIV:1311.0894;%%"
}
@article{Abazov:2012bv,
      author         = "Abazov, Victor Mukhamedovich and others",
      title          = "{Measurement of the W Boson Mass with the D0 Detector}",
      collaboration  = "D0",
      journal        = "Phys. Rev. Lett.",
      volume         = "108",
      year           = "2012",
      pages          = "151804",
      doi            = "10.1103/PhysRevLett.108.151804",
      eprint         = "1203.0293",
      archivePrefix  = "arXiv",
      primaryClass   = "hep-ex",
      reportNumber   = "FERMILAB-PUB-12-056-PPD",
      SLACcitation   = "%%CITATION = ARXIV:1203.0293;%%"
}
@article{Alekhin:2014irh,
      author         = "Alekhin, S. and others",
      title          = "{HERAFitter}",
      journal        = "Eur. Phys. J.",
      volume         = "C75",
      year           = "2015",
      number         = "7",
      pages          = "304",
      doi            = "10.1140/epjc/s10052-015-3480-z",
      eprint         = "1410.4412",
      archivePrefix  = "arXiv",
      primaryClass   = "hep-ph",
      reportNumber   = "DESY-14-188, DESY-REPORT-14-188, FERMILAB-PUB-14-603-CMS",
      SLACcitation   = "%%CITATION = ARXIV:1410.4412;%%"
}
@inproceedings{Brisson:1991vj,
      author         = "Brisson, V. and B{\"u}sser, F. W. and Niebergall, F. and
                        Elsen, E. and Haidt, D. and Hapke, M. and Kuhlen, M.",
      title          = "{The Measurement of electroweak parameters at HERA}",
      booktitle      = "{Workshop on Physics at HERA Hamburg, Germany, October
                        29-30, 1991}",
      year           = "1991",
      pages          = "947",
      SLACcitation   = "%%CITATION = INSPIRE-326860;%%"
}
@article{Aaltonen:2013iut,
      author         = "Aaltonen, Timo Antero and others",
      title          = "{Combination of CDF and D0 $W$-Boson Mass Measurements}",
      collaboration  = "CDF, D0",
      journal        = "Phys. Rev.",
      volume         = "D88",
      year           = "2013",
      number         = "5",
      pages          = "052018",
      doi            = "10.1103/PhysRevD.88.052018",
      eprint         = "1307.7627",
      archivePrefix  = "arXiv",
      primaryClass   = "hep-ex",
      reportNumber   = "FERMILAB-PUB-13-289-E",
      SLACcitation   = "%%CITATION = ARXIV:1307.7627;%%"
}
@article{Aad:2015zhl,
      author         = "Aad, Georges and others",
      title          = "{Combined Measurement of the Higgs Boson Mass in $pp$
                        Collisions at $\sqrt{s}=7$ and 8 TeV with the ATLAS and
                        CMS Experiments}",
      collaboration  = "ATLAS, CMS",
      journal        = "Phys. Rev. Lett.",
      volume         = "114",
      year           = "2015",
      pages          = "191803",
      doi            = "10.1103/PhysRevLett.114.191803",
      eprint         = "1503.07589",
      archivePrefix  = "arXiv",
      primaryClass   = "hep-ex",
      reportNumber   = "ATLAS-HIGG-2014-14, CMS-HIG-14-042, CERN-PH-EP-2015-075",
      SLACcitation   = "%%CITATION = ARXIV:1503.07589;%%"
}
@article{deBlas:2016ojx,
      author         = "de Blas, Jorge and Ciuchini, Marco and Franco, Enrico and
                        Mishima, Satoshi and Pierini, Maurizio and Reina, Laura
                        and Silvestrini, Luca",
      title          = "{Electroweak precision observables and Higgs-boson signal
                        strengths in the Standard Model and beyond: present and
                        future}",
      journal        = "JHEP",
      volume         = "12",
      year           = "2016",
      pages          = "135",
      doi            = "10.1007/JHEP12(2016)135",
      eprint         = "1608.01509",
      archivePrefix  = "arXiv",
      primaryClass   = "hep-ph",
      reportNumber   = "KEK-TH-1919",
      SLACcitation   = "%%CITATION = ARXIV:1608.01509;%%"
}
@article{Abt:1996hi,
      author         = "Abt, I. and others",
      title          = "{The H1 detector at HERA}",
      collaboration  = "H1",
      journal        = "Nucl. Instrum. Meth.",
      volume         = "A386",
      year           = "1997",
      pages          = "310",
      doi            = "10.1016/S0168-9002(96)00893-5",
      reportNumber   = "SLAC-REPRINT-1996-078",
      SLACcitation   = "%%CITATION = NUIMA,A386,310;%%" 
}


@article{Abt:1996xv,
      author         = "Abt, I. and others",
      title          = "{The Tracking, calorimeter and muon detectors of the H1
                        experiment at HERA}",
      collaboration  = "H1",
      journal        = "Nucl. Instrum. Meth.",
      volume         = "A386",
      year           = "1997",
      pages          = "348",
      doi            = "10.1016/S0168-9002(96)00894-7",
      reportNumber   = "SLAC-REPRINT-1996-034",
      SLACcitation   = "%%CITATION = NUIMA,A386,348;%%" 
}


@article{Appuhn:1996na,
      author         = "Appuhn, R. D. and others",
      title          = "{The H1 lead / scintillating fiber calorimeter}",
      collaboration  = "H1 SPACAL Group",
      journal        = "Nucl. Instrum. Meth.",
      volume         = "A386",
      year           = "1997",
      pages          = "397",
      doi            = "10.1016/S0168-9002(96)01171-0",
      reportNumber   = "DESY-96-171",
      SLACcitation   = "%%CITATION = NUIMA,A386,397;%%" 
}


@article{Andrieu:1993kh,
      author         = "Andrieu, B. and others",
      title          = "{The H1 liquid argon calorimeter system}",
      collaboration  = "H1 Calorimeter Group",
      journal        = "Nucl. Instrum. Meth.",
      volume         = "A336",
      year           = "1993",
      pages          = "460",
      doi            = "10.1016/0168-9002(93)91257-N",
      reportNumber   = "DESY-93-078",
      SLACcitation   = "%%CITATION = NUIMA,A336,460;%%"   
 }
@article{Sobloher:2012rc,
      author         = "Sobloher, Blanka and Fabbri, Riccardo and Behnke, Ties
                        and Olsson, Jan and Pitzl, Daniel and Schmitt, Stefan and
                        Tomaszewska, Justyna",
      title          = "{Polarisation at HERA - Reanalysis of the HERA II
                        Polarimeter Data -}",
      year           = "2012",
      eprint         = "1201.2894",
      archivePrefix  = "arXiv",
      primaryClass   = "physics.ins-det",
      reportNumber   = "DESY-11-259, POL2000-2011-002",
      SLACcitation   = "%%CITATION = ARXIV:1201.2894;%%"
}
@article{Cowan:2010js,
      author         = "Cowan, Glen and Cranmer, Kyle and Gross, Eilam and
                        Vitells, Ofer",
      title          = "{Asymptotic formulae for likelihood-based tests of new
                        physics}",
      journal        = "Eur. Phys. J.",
      volume         = "C71",
      year           = "2011",
      pages          = "1554",
      doi            = "10.1140/epjc/s10052-011-1554-0,
                        10.1140/epjc/s10052-013-2501-z",
      note           = "[Erratum: Eur. Phys. J. C73 (2013) 2501]",
      eprint         = "1007.1727",
      archivePrefix  = "arXiv",
      primaryClass   = "physics.data-an",
      SLACcitation   = "%%CITATION = ARXIV:1007.1727;%%"
}