


%NNLOJET for ep -> 2jets
@article{Currie:2016ytq,
      author         = "Currie, James and Gehrmann, Thomas and Niehues, Jan",
      title          = "{Precise QCD predictions for the production of dijet
                        final states in deep inelastic scattering}",
      journal        = "Phys. Rev. Lett.",
      volume         = "117",
      year           = "2016",
      number         = "4",
      pages          = "042001",
      doi            = "10.1103/PhysRevLett.117.042001",
      eprint         = "1606.03991",
      archivePrefix  = "arXiv",
      primaryClass   = "hep-ph",
      SLACcitation   = "%%CITATION = ARXIV:1606.03991;%%"
}


%FONLL
@article{Cacciari:1998it,
      author         = "Cacciari, Matteo and Greco, Mario and Nason, Paolo",
      title          = "{The P(T) spectrum in heavy flavor hadroproduction}",
      journal        = "JHEP",
      volume         = "05",
      year           = "1998",
      pages          = "007",
      doi            = "10.1088/1126-6708/1998/05/007",
      eprint         = "hep-ph/9803400",
      archivePrefix  = "arXiv",
      primaryClass   = "hep-ph",
      reportNumber   = "CERN-TH-98-77, LPTHE-ORSAY-98-11, IFUM-613-FT,
                        LNF-98-008-P",
      SLACcitation   = "%%CITATION = HEP-PH/9803400;%%"
}



%APFEL
@article{Bertone:2013vaa,
      author         = "Bertone, Valerio and Carrazza, Stefano and Rojo, Juan",
      title          = "{APFEL: A PDF Evolution Library with QED corrections}",
      journal        = "Comput. Phys. Commun.",
      volume         = "185",
      year           = "2014",
      pages          = "1647-1668",
      doi            = "10.1016/j.cpc.2014.03.007",
      eprint         = "1310.1394",
      archivePrefix  = "arXiv",
      primaryClass   = "hep-ph",
      reportNumber   = "IFUM-1015-FT, CERN-PH-TH-2013-209",
      SLACcitation   = "%%CITATION = ARXIV:1310.1394;%%"
}


%QCDNUM
@article{Botje:2010ay,
      author         = "Botje, M.",
      title          = "{QCDNUM: Fast QCD Evolution and Convolution}",
      journal        = "Comput. Phys. Commun.",
      volume         = "182",
      year           = "2011",
      pages          = "490-532",
      doi            = "10.1016/j.cpc.2010.10.020",
      eprint         = "1005.1481",
      archivePrefix  = "arXiv",
      primaryClass   = "hep-ph",
      reportNumber   = "NIKHEF-10-002",
      SLACcitation   = "%%CITATION = ARXIV:1005.1481;%%"
}


%FPS HERA-II analysis
@article{Aaron:2010aa,
      author         = "Aaron, F. D. and others",
      title          = "{Measurement of the cross section for diffractive
                        deep-inelastic scattering with a leading proton at HERA}",
      journal        = "Eur. Phys. J.",
      volume         = "C71",
      year           = "2011",
      pages          = "1578",
      doi            = "10.1140/epjc/s10052-011-1578-5",
      eprint         = "1010.1476",
      archivePrefix  = "arXiv",
      primaryClass   = "hep-ex",
      reportNumber   = "DESY-10-095",
      SLACcitation   = "%%CITATION = ARXIV:1010.1476;%%"
}



%pion PDF
@article{Owens:1984zj,
      author         = "Owens, J. F.",
      title          = "{Q**2 Dependent Parametrizations of Pion Parton
                        Distribution Functions}",
      journal        = "Phys. Rev.",
      volume         = "D30",
      year           = "1984",
      pages          = "943",
      doi            = "10.1103/PhysRevD.30.943",
      reportNumber   = "FSU-HEP-840312",
      SLACcitation   = "%%CITATION = PHRVA,D30,943;%%"
}

%NNLO dijet paper
@article{Britzger:2018zvv,
      author         = "Britzger, D. and Currie, J. and Gehrmann, T. and Huss, A.
                        and Niehues, J. and \v{Z}leb\v{c}\'{i}k, R.",
      title          = "{Dijet production in diffractive deep-inelastic
                        scattering in next-to-next-to-leading order QCD}",
      journal        = "Eur. Phys. J.",
      volume         = "C78",
      year           = "2018",
      number         = "7",
      pages          = "538",
      doi            = "10.1140/epjc/s10052-018-5981-z",
      eprint         = "1804.05663",
      archivePrefix  = "arXiv",
      primaryClass   = "hep-ph",
      reportNumber   = "IPPP-18-26, ZU-TH-13-18, CERN-TH-2018-081, DESY-18-054",
      SLACcitation   = "%%CITATION = ARXIV:1804.05663;%%"
}


%HERA-II DIS dijets 
@article{Andreev:2014yra,
      author         = "Andreev, V. and others",
      title          = "{Measurement of Dijet Production in Diffractive
                        Deep-Inelastic ep Scattering at HERA}",
      collaboration  = "H1",
      journal        = "JHEP",
      volume         = "03",
      year           = "2015",
      pages          = "092",
      doi            = "10.1007/JHEP03(2015)092",
      eprint         = "1412.0928",
      archivePrefix  = "arXiv",
      primaryClass   = "hep-ex",
      reportNumber   = "DESY-14-200",
      SLACcitation   = "%%CITATION = ARXIV:1412.0928;%%"
}





%H1 Inclusive HERAII  low-energy
@article{Aaron:2012zz,
      author         = "Aaron, F. D. and others",
      title          = "{Measurement of the Diffractive Longitudinal Structure
                        Function $F_L^D$ at HERA}",
      collaboration  = "H1",
      journal        = "Eur. Phys. J.",
      volume         = "C71",
      year           = "2011",
      pages          = "1836",
      doi            = "10.1140/epjc/s10052-011-1836-6",
      eprint         = "1107.3420",
      archivePrefix  = "arXiv",
      primaryClass   = "hep-ex",
      reportNumber   = "DESY-11-084",
      SLACcitation   = "%%CITATION = ARXIV:1107.3420;%%"
}


%H1 Inclusive HERAI + HERAII
@article{Aaron:2012ad,
      author         = "Aaron, F. D. and others",
      title          = "{Inclusive Measurement of Diffractive Deep-Inelastic
                        Scattering at HERA}",
      collaboration  = "H1",
      journal        = "Eur. Phys. J.",
      volume         = "C72",
      year           = "2012",
      pages          = "2074",
      doi            = "10.1140/epjc/s10052-012-2074-2",
      eprint         = "1203.4495",
      archivePrefix  = "arXiv",
      primaryClass   = "hep-ex",
      reportNumber   = "DESY-12-041",
      SLACcitation   = "%%CITATION = ARXIV:1203.4495;%%"
}




%Diffractive factorization
@article{Collins:1997sr,
      author         = "Collins, John C.",
      title          = "{Proof of factorization for diffractive hard scattering}",
      journal        = "Phys. Rev.",
      volume         = "D57",
      year           = "1998",
      pages          = "3051-3056",
      doi            = "10.1103/PhysRevD.61.019902, 10.1103/PhysRevD.57.3051",
      note           = "[Erratum: Phys. Rev.D61,019902(2000)]",
      eprint         = "hep-ph/9709499",
      archivePrefix  = "arXiv",
      primaryClass   = "hep-ph",
      reportNumber   = "PSU-TH-189",
      SLACcitation   = "%%CITATION = HEP-PH/9709499;%%"
}


%H1 2006 fit A,B
@article{Aktas:2006hy,
      author         = "Aktas, A. and others",
      title          = "{Measurement and QCD analysis of the diffractive
                        deep-inelastic scattering cross-section at HERA}",
      collaboration  = "H1",
      journal        = "Eur. Phys. J.",
      volume         = "C48",
      year           = "2006",
      pages          = "715-748",
      doi            = "10.1140/epjc/s10052-006-0035-3",
      eprint         = "hep-ex/0606004",
      archivePrefix  = "arXiv",
      primaryClass   = "hep-ex",
      reportNumber   = "DESY-06-049",
      SLACcitation   = "%%CITATION = HEP-EX/0606004;%%"
}


%H1 2007 FitJets
@article{Aktas:2007bv,
      author         = "Aktas, A. and others",
      title          = "{Dijet Cross Sections and Parton Densities in Diffractive
                        DIS at HERA}",
      collaboration  = "H1",
      journal        = "JHEP",
      volume         = "10",
      year           = "2007",
      pages          = "042",
      doi            = "10.1088/1126-6708/2007/10/042",
      eprint         = "0708.3217",
      archivePrefix  = "arXiv",
      primaryClass   = "hep-ex",
      reportNumber   = "DESY-07-115",
      SLACcitation   = "%%CITATION = ARXIV:0708.3217;%%"
}

%ZEUS SJ Fit
@article{Chekanov:2009aa,
      author         = "Chekanov, S. and others",
      title          = "{A QCD analysis of ZEUS diffractive data}",
      collaboration  = "ZEUS",
      journal        = "Nucl. Phys.",
      volume         = "B831",
      year           = "2010",
      pages          = "1-25",
      doi            = "10.1016/j.nuclphysb.2010.01.014",
      eprint         = "0911.4119",
      archivePrefix  = "arXiv",
      primaryClass   = "hep-ex",
      reportNumber   = "DESY-09-191",
      SLACcitation   = "%%CITATION = ARXIV:0911.4119;%%"
}






%PF algorithm
@article{Sirunyan:2017ulk,
      author         = "Sirunyan, A. M. and others",
      title          = "{Particle-flow reconstruction and global event
                        description with the CMS detector}",
      collaboration  = "CMS",
      journal        = "JINST",
      volume         = "12",
      year           = "2017",
      number         = "10",
      pages          = "P10003",
      doi            = "10.1088/1748-0221/12/10/P10003",
      eprint         = "1706.04965",
      archivePrefix  = "arXiv",
      primaryClass   = "physics.ins-det",
      reportNumber   = "CMS-PRF-14-001, CERN-EP-2017-110",
      SLACcitation   = "%%CITATION = ARXIV:1706.04965;%%"
}

%CMS inclusive jets 8 TeV
@article{Khachatryan:2016mlc,
      author         = "Khachatryan, Vardan and others",
      title          = "{Measurement and QCD analysis of double-differential
                        inclusive jet cross sections in pp collisions at $
                        \sqrt{s}=8 $ TeV and cross section ratios to 2.76 and 7
                        TeV}",
      collaboration  = "CMS",
      journal        = "JHEP",
      volume         = "03",
      year           = "2017",
      pages          = "156",
      doi            = "10.1007/JHEP03(2017)156",
      eprint         = "1609.05331",
      archivePrefix  = "arXiv",
      primaryClass   = "hep-ex",
      reportNumber   = "CMS-SMP-14-001, CERN-EP-2016-196",
      SLACcitation   = "%%CITATION = ARXIV:1609.05331;%%"
}


%CMS inclusive jets 13 TeV
@article{Khachatryan:2016wdh,
      author         = "Khachatryan, Vardan and others",
      title          = "{Measurement of the double-differential inclusive jet
                        cross section in proton–proton collisions at $\sqrt{s} =
                        13\,\text {TeV} $}",
      collaboration  = "CMS",
      journal        = "Eur. Phys. J.",
      volume         = "C76",
      year           = "2016",
      number         = "8",
      pages          = "451",
      doi            = "10.1140/epjc/s10052-016-4286-3",
      eprint         = "1605.04436",
      archivePrefix  = "arXiv",
      primaryClass   = "hep-ex",
      reportNumber   = "CMS-SMP-15-007, CERN-EP-2016-104",
      SLACcitation   = "%%CITATION = ARXIV:1605.04436;%%"
}

%CMS 3D jet cross section
@article{Sirunyan:2017skj,
      author         = "Sirunyan, Albert M and others",
      title          = "{Measurement of the triple-differential dijet cross
                        section in proton-proton collisions at $\sqrt{s}=8\,\text
                        {TeV} $ and constraints on parton distribution functions}",
      collaboration  = "CMS",
      journal        = "Eur. Phys. J.",
      volume         = "C77",
      year           = "2017",
      number         = "11",
      pages          = "746",
      doi            = "10.1140/epjc/s10052-017-5286-7",
      eprint         = "1705.02628",
      archivePrefix  = "arXiv",
      primaryClass   = "hep-ex",
      reportNumber   = "CMS-SMP-16-011, CERN-EP-2017-061",
      SLACcitation   = "%%CITATION = ARXIV:1705.02628;%%"
}


%CMS R32
@article{CMS:2017tvp,
      author         = "CMS Collaboration",
      title          = "{Determination of the strong coupling constant from the
                        measurement of inclusive multijet event cross sections in
                        pp collisions at $\sqrt{s} = 8~\mathrm{TeV}$}",
      collaboration  = "CMS",
      year           = "2017",
      reportNumber   = "CMS-PAS-SMP-16-008",
      SLACcitation   = "%%CITATION = CMS-PAS-SMP-16-008;%%"
}

%CMS dphi
@article{Sirunyan:2017jnl,
      author         = "Sirunyan, Albert M and others",
      title          = "{Azimuthal correlations for inclusive 2-jet, 3-jet, and
                        4-jet events in pp collisions at $\sqrt{s}= $ 13 TeV}",
      collaboration  = "CMS",
      journal        = "Eur. Phys. J.",
      volume         = "C78",
      year           = "2018",
      number         = "7",
      pages          = "566",
      doi            = "10.1140/epjc/s10052-018-6033-4",
      eprint         = "1712.05471",
      archivePrefix  = "arXiv",
      primaryClass   = "hep-ex",
      reportNumber   = "CMS-SMP-16-014, CERN-EP-2017-290",
      SLACcitation   = "%%CITATION = ARXIV:1712.05471;%%"
}

%CMS dphi back-to-back
@article{Sirunyan:2019rpc,
      author         = "Sirunyan, Albert M and others",
      title          = "{Azimuthal separation in nearly back-to-back jet
                        topologies in inclusive 2- and 3-jet events in pp
                        collisions at $\sqrt{s}=$ 13 TeV}",
      collaboration  = "CMS",
      year           = "2019",
      eprint         = "1902.04374",
      archivePrefix  = "arXiv",
      primaryClass   = "hep-ex",
      reportNumber   = "CMS-SMP-17-009, CERN-EP-2018-344",
      SLACcitation   = "%%CITATION = ARXIV:1902.04374;%%"
}


%fastNLO v2

@inproceedings{Britzger:2012bs,
      author         = "Britzger, Daniel and Rabbertz, Klaus and Stober, Fred and
                        Wobisch, Markus",
      title          = "{New features in version 2 of the fastNLO project}",
      booktitle      = "{Proceedings, 20th International Workshop on
                        Deep-Inelastic Scattering and Related Subjects (DIS 2012):
                        Bonn, Germany, March 26-30, 2012}",
      collaboration  = "fastNLO",
      url            = "https://inspirehep.net/record/1128033/files/arXiv:1208.3641.pdf",
      year           = "2012",
      pages          = "217-221",
      doi            = "10.3204/DESY-PROC-2012-02/165",
      eprint         = "1208.3641",
      archivePrefix  = "arXiv",
      primaryClass   = "hep-ph",
      SLACcitation   = "%%CITATION = ARXIV:1208.3641;%%"
}

